,TradeDate,EventTimestamp,LocalTimestamp,TimestampNanoseconds,TZOffset,BidPrice1,BidQuantity1,BidNumOrders1,AskPrice1,AskQuantity1,AskNumOrders1,BidPrice2,BidQuantity2,BidNumOrders2,AskPrice2,AskQuantity2,AskNumOrders2,BidPrice3,BidQuantity3,BidNumOrders3,AskPrice3,AskQuantity3,AskNumOrders3,BidPrice4,BidQuantity4,BidNumOrders4,AskPrice4,AskQuantity4,AskNumOrders4,BidPrice5,BidQuantity5,BidNumOrders5,AskPrice5,AskQuantity5,AskNumOrders5,BidPrice6,BidQuantity6,BidNumOrders6,AskPrice6,AskQuantity6,AskNumOrders6,BidPrice7,BidQuantity7,BidNumOrders7,AskPrice7,AskQuantity7,AskNumOrders7,BidPrice8,BidQuantity8,BidNumOrders8,AskPrice8,AskQuantity8,AskNumOrders8,BidPrice9,BidQuantity9,BidNumOrders9,AskPrice9,AskQuantity9,AskNumOrders9,BidPrice10,BidQuantity10,BidNumOrders10,AskPrice10,AskQuantity10,AskNumOrders10,BidLevelCount,AskLevelCount,L2EventNo,MIC,Ticker,ListingId,CurrencyCode,MarketState,ExchangeSequenceNo,BMLLSequenceNo,BMLLSequenceSource
0,2025-09-10,2025-09-10 08:00:00.008999,2025-09-10 04:00:00.008999,2025-09-10 08:00:00.008999493,-14400,233.76,100,1,,0,0,,0,0,,0,0,,0,0,,0,0,,0,0,,0,0,,0,0,,0,0,,0,0,,0,0,,0,0,,0,0,,0,0,,0,0,,0,0,,0,0,,0,0,,0,0,1,0,1,XNAS,AAPL,350012,USD,PRE_OPEN,0,291947,1
1,2025-09-10,2025-09-10 08:00:00.009157,2025-09-10 04:00:00.009157,2025-09-10 08:00:00.009157155,-14400,233.76,100,1,235.08,100,1,,0,0,,0,0,,0,0,,0,0,,0,0,,0,0,,0,0,,0,0,,0,0,,0,0,,0,0,,0,0,,0,0,,0,0,,0,0,,0,0,,0,0,,0,0,1,1,2,XNAS,AAPL,350012,USD,PRE_OPEN,0,291952,1
2,2025-09-10,2025-09-10 08:00:00.066258,2025-09-10 04:00:00.066258,2025-09-10 08:00:00.066258574,-14400,233.88,100,1,235.08,100,1,,0,0,,0,0,,0,0,,0,0,,0,0,,0,0,,0,0,,0,0,,0,0,,0,0,,0,0,,0,0,,0,0,,0,0,,0,0,,0,0,,0,0,,0,0,1,1,3,XNAS,AAPL,350012,USD,PRE_OPEN,0,295975,1
3,2025-09-10,2025-09-10 08:00:00.066284,2025-09-10 04:00:00.066284,2025-09-10 08:00:00.066284444,-14400,233.88,100,1,234.96,100,1,,0,0,,0,0,,0,0,,0,0,,0,0,,0,0,,0,0,,0,0,,0,0,,0,0,,0,0,,0,0,,0,0,,0,0,,0,0,,0,0,,0,0,,0,0,1,1,4,XNAS,AAPL,350012,USD,PRE_OPEN,0,295977,1
4,2025-09-10,2025-09-10 08:00:00.093667,2025-09-10 04:00:00.093667,2025-09-10 08:00:00.093667774,-14400,234.12,100,1,234.96,100,1,,0,0,,0,0,,0,0,,0,0,,0,0,,0,0,,0,0,,0,0,,0,0,,0,0,,0,0,,0,0,,0,0,,0,0,,0,0,,0,0,,0,0,,0,0,1,1,5,XNAS,AAPL,350012,USD,PRE_OPEN,0,296932,1
5,2025-09-10,2025-09-10 08:00:00.093689,2025-09-10 04:00:00.093689,2025-09-10 08:00:00.093689776,-14400,234.12,100,1,234.72,100,1,,0,0,,0,0,,0,0,,0,0,,0,0,,0,0,,0,0,,0,0,,0,0,,0,0,,0,0,,0,0,,0,0,,0,0,,0,0,,0,0,,0,0,,0,0,1,1,6,XNAS,AAPL,350012,USD,PRE_OPEN,0,296933,1
6,2025-09-10,2025-09-10 08:00:00.110223,2025-09-10 04:00:00.110223,2025-09-10 08:00:00.110223883,-14400,,0,0,234.72,100,1,,0,0,,0,0,,0,0,,0,0,,0,0,,0,0,,0,0,,0,0,,0,0,,0,0,,0,0,,0,0,,0,0,,0,0,,0,0,,0,0,,0,0,,0,0,0,1,7,XNAS,AAPL,350012,USD,PRE_OPEN,0,297370,1
7,2025-09-10,2025-09-10 08:00:00.114683,2025-09-10 04:00:00.114683,2025-09-10 08:00:00.114683206,-14400,,0,0,,0,0,,0,0,,0,0,,0,0,,0,0,,0,0,,0,0,,0,0,,0,0,,0,0,,0,0,,0,0,,0,0,,0,0,,0,0,,0,0,,0,0,,0,0,,0,0,0,0,8,XNAS,AAPL,350012,USD,PRE_OPEN,0,297497,1
8,2025-09-10,2025-09-10 08:00:00.193179,2025-09-10 04:00:00.193179,2025-09-10 08:00:00.193179435,-14400,,0,0,247.85,5,1,,0,0,,0,0,,0,0,,0,0,,0,0,,0,0,,0,0,,0,0,,0,0,,0,0,,0,0,,0,0,,0,0,,0,0,,0,0,,0,0,,0,0,,0,0,0,1,9,XNAS,AAPL,350012,USD,PRE_OPEN,0,299716,1
9,2025-09-10,2025-09-10 08:00:00.193227,2025-09-10 04:00:00.193227,2025-09-10 08:00:00.193227028,-14400,,0,0,247.85,5,1,,0,0,296.12,6,1,,0,0,,0,0,,0,0,,0,0,,0,0,,0,0,,0,0,,0,0,,0,0,,0,0,,0,0,,0,0,,0,0,,0,0,,0,0,,0,0,0,2,10,XNAS,AAPL,350012,USD,PRE_OPEN,0,299718,1
10,2025-09-10,2025-09-10 08:00:00.193640,2025-09-10 04:00:00.193640,2025-09-10 08:00:00.193640619,-14400,,0,0,247.85,5,1,,0,0,259.41,6,1,,0,0,296.12,6,1,,0,0,,0,0,,0,0,,0,0,,0,0,,0,0,,0,0,,0,0,,0,0,,0,0,,0,0,,0,0,,0,0,,0,0,0,3,11,XNAS,AAPL,350012,USD,PRE_OPEN,0,299738,1
11,2025-09-10,2025-09-10 08:00:00.270797,2025-09-10 04:00:00.270797,2025-09-10 08:00:00.270797006,-14400,234.0,100,1,247.85,5,1,,0,0,259.41,6,1,,0,0,296.12,6,1,,0,0,,0,0,,0,0,,0,0,,0,0,,0,0,,0,0,,0,0,,0,0,,0,0,,0,0,,0,0,,0,0,,0,0,1,3,12,XNAS,AAPL,350012,USD,PRE_OPEN,0,301729,1
12,2025-09-10,2025-09-10 08:00:00.270812,2025-09-10 04:00:00.270812,2025-09-10 08:00:00.270812854,-14400,234.0,100,1,234.72,100,1,,0,0,247.85,5,1,,0,0,259.41,6,1,,0,0,296.12,6,1,,0,0,,0,0,,0,0,,0,0,,0,0,,0,0,,0,0,,0,0,,0,0,,0,0,,0,0,,0,0,1,4,13,XNAS,AAPL,350012,USD,PRE_OPEN,0,301730,1
13,2025-09-10,2025-09-10 08:00:00.300628,2025-09-10 04:00:00.300628,2025-09-10 08:00:00.300628238,-14400,234.0,100,1,247.85,5,1,,0,0,259.41,6,1,,0,0,296.12,6,1,,0,0,,0,0,,0,0,,0,0,,0,0,,0,0,,0,0,,0,0,,0,0,,0,0,,0,0,,0,0,,0,0,,0,0,1,3,14,XNAS,AAPL,350012,USD,PRE_OPEN,0,302291,1
14,2025-09-10,2025-09-10 08:00:00.337847,2025-09-10 04:00:00.337847,2025-09-10 08:00:00.337847140,-14400,,0,0,247.85,5,1,,0,0,259.41,6,1,,0,0,296.12,6,1,,0,0,,0,0,,0,0,,0,0,,0,0,,0,0,,0,0,,0,0,,0,0,,0,0,,0,0,,0,0,,0,0,,0,0,0,3,15,XNAS,AAPL,350012,USD,PRE_OPEN,0,303079,1
15,2025-09-10,2025-09-10 08:00:00.408929,2025-09-10 04:00:00.408929,2025-09-10 08:00:00.408929882,-14400,233.88,100,1,247.85,5,1,,0,0,259.41,6,1,,0,0,296.12,6,1,,0,0,,0,0,,0,0,,0,0,,0,0,,0,0,,0,0,,0,0,,0,0,,0,0,,0,0,,0,0,,0,0,,0,0,1,3,16,XNAS,AAPL,350012,USD,PRE_OPEN,0,304001,1
16,2025-09-10,2025-09-10 08:00:00.408943,2025-09-10 04:00:00.408943,2025-09-10 08:00:00.408943864,-14400,233.88,100,1,234.6,100,1,,0,0,247.85,5,1,,0,0,259.41,6,1,,0,0,296.12,6,1,,0,0,,0,0,,0,0,,0,0,,0,0,,0,0,,0,0,,0,0,,0,0,,0,0,,0,0,,0,0,1,4,17,XNAS,AAPL,350012,USD,PRE_OPEN,0,304002,1
17,2025-09-10,2025-09-10 08:00:00.544263,2025-09-10 04:00:00.544263,2025-09-10 08:00:00.544263053,-14400,233.88,100,1,234.6,100,1,192.92,10,1,247.85,5,1,,0,0,259.41,6,1,,0,0,296.12,6,1,,0,0,,0,0,,0,0,,0,0,,0,0,,0,0,,0,0,,0,0,,0,0,,0,0,,0,0,,0,0,2,4,18,XNAS,AAPL,350012,USD,PRE_OPEN,0,305988,1
18,2025-09-10,2025-09-10 08:00:00.554997,2025-09-10 04:00:00.554997,2025-09-10 08:00:00.554997189,-14400,233.88,100,1,247.85,5,1,192.92,10,1,259.41,6,1,,0,0,296.12,6,1,,0,0,,0,0,,0,0,,0,0,,0,0,,0,0,,0,0,,0,0,,0,0,,0,0,,0,0,,0,0,,0,0,,0,0,2,3,19,XNAS,AAPL,350012,USD,PRE_OPEN,0,306044,1
19,2025-09-10,2025-09-10 08:00:00.555009,2025-09-10 04:00:00.555009,2025-09-10 08:00:00.555009762,-14400,233.88,100,1,234.72,100,1,192.92,10,1,247.85,5,1,,0,0,259.41,6,1,,0,0,296.12,6,1,,0,0,,0,0,,0,0,,0,0,,0,0,,0,0,,0,0,,0,0,,0,0,,0,0,,0,0,,0,0,2,4,20,XNAS,AAPL,350012,USD,PRE_OPEN,0,306045,1
20,2025-09-10,2025-09-10 08:00:00.578647,2025-09-10 04:00:00.578647,2025-09-10 08:00:00.578647447,-14400,233.88,100,1,234.72,100,1,192.92,10,1,247.85,5,1,,0,0,259.41,6,1,,0,0,260.0,20,1,,0,0,296.12,6,1,,0,0,,0,0,,0,0,,0,0,,0,0,,0,0,,0,0,,0,0,,0,0,,0,0,2,5,21,XNAS,AAPL,350012,USD,PRE_OPEN,0,306185,1
21,2025-09-10,2025-09-10 08:00:00.651970,2025-09-10 04:00:00.651970,2025-09-10 08:00:00.651970422,-14400,233.88,100,1,234.72,100,1,216.0,60,1,247.85,5,1,192.92,10,1,259.41,6,1,,0,0,260.0,20,1,,0,0,296.12,6,1,,0,0,,0,0,,0,0,,0,0,,0,0,,0,0,,0,0,,0,0,,0,0,,0,0,3,5,22,XNAS,AAPL,350012,USD,PRE_OPEN,0,306909,1
22,2025-09-10,2025-09-10 08:00:00.692048,2025-09-10 04:00:00.692048,2025-09-10 08:00:00.692048936,-14400,233.88,100,1,234.72,100,1,223.0,1,1,247.85,5,1,216.0,60,1,259.41,6,1,192.92,10,1,260.0,20,1,,0,0,296.12,6,1,,0,0,,0,0,,0,0,,0,0,,0,0,,0,0,,0,0,,0,0,,0,0,,0,0,4,5,23,XNAS,AAPL,350012,USD,PRE_OPEN,0,307215,1
23,2025-09-10,2025-09-10 08:00:00.736690,2025-09-10 04:00:00.736690,2025-09-10 08:00:00.736690005,-14400,234.0,19,1,234.72,100,1,233.88,100,1,247.85,5,1,223.0,1,1,259.41,6,1,216.0,60,1,260.0,20,1,192.92,10,1,296.12,6,1,,0,0,,0,0,,0,0,,0,0,,0,0,,0,0,,0,0,,0,0,,0,0,,0,0,5,5,24,XNAS,AAPL,350012,USD,PRE_OPEN,0,307529,1
24,2025-09-10,2025-09-10 08:00:00.783083,2025-09-10 04:00:00.783083,2025-09-10 08:00:00.783083915,-14400,234.0,19,1,234.72,100,1,233.88,100,1,247.85,5,1,231.8,1000,1,259.41,6,1,223.0,1,1,260.0,20,1,216.0,60,1,296.12,6,1,192.92,10,1,,0,0,,0,0,,0,0,,0,0,,0,0,,0,0,,0,0,,0,0,,0,0,6,5,25,XNAS,AAPL,350012,USD,PRE_OPEN,0,307816,1
25,2025-09-10,2025-09-10 08:00:00.783085,2025-09-10 04:00:00.783085,2025-09-10 08:00:00.783085732,-14400,234.0,19,1,234.72,100,1,233.88,100,1,234.8,1000,1,231.8,1000,1,247.85,5,1,223.0,1,1,259.41,6,1,216.0,60,1,260.0,20,1,192.92,10,1,296.12,6,1,,0,0,,0,0,,0,0,,0,0,,0,0,,0,0,,0,0,,0,0,6,6,26,XNAS,AAPL,350012,USD,PRE_OPEN,0,307817,1
26,2025-09-10,2025-09-10 08:00:00.790122,2025-09-10 04:00:00.790122,2025-09-10 08:00:00.790122873,-14400,234.0,19,1,234.72,100,1,233.88,100,1,234.8,1000,1,233.0,1000,1,247.85,5,1,231.8,1000,1,259.41,6,1,223.0,1,1,260.0,20,1,216.0,60,1,296.12,6,1,192.92,10,1,,0,0,,0,0,,0,0,,0,0,,0,0,,0,0,,0,0,7,6,27,XNAS,AAPL,350012,USD,PRE_OPEN,0,307877,1
27,2025-09-10,2025-09-10 08:00:00.794062,2025-09-10 04:00:00.794062,2025-09-10 08:00:00.794062557,-14400,234.0,19,1,234.72,100,1,233.88,100,1,234.8,1000,1,233.0,1000,1,235.0,1000,1,231.8,1000,1,247.85,5,1,223.0,1,1,259.41,6,1,216.0,60,1,260.0,20,1,192.92,10,1,296.12,6,1,,0,0,,0,0,,0,0,,0,0,,0,0,,0,0,7,7,28,XNAS,AAPL,350012,USD,PRE_OPEN,0,307894,1
28,2025-09-10,2025-09-10 08:00:00.815124,2025-09-10 04:00:00.815124,2025-09-10 08:00:00.815124600,-14400,234.0,19,1,234.72,100,1,233.88,100,1,234.8,1000,1,233.2,1000,1,235.0,1000,1,233.0,1000,1,247.85,5,1,231.8,1000,1,259.41,6,1,223.0,1,1,260.0,20,1,216.0,60,1,296.12,6,1,192.92,10,1,,0,0,,0,0,,0,0,,0,0,,0,0,8,7,29,XNAS,AAPL,350012,USD,PRE_OPEN,0,308062,1
29,2025-09-10,2025-09-10 08:00:00.815149,2025-09-10 04:00:00.815149,2025-09-10 08:00:00.815149379,-14400,234.0,19,1,234.72,100,1,233.88,100,1,234.8,1000,1,233.2,1000,1,235.0,1000,1,231.8,1000,1,247.85,5,1,223.0,1,1,259.41,6,1,216.0,60,1,260.0,20,1,192.92,10,1,296.12,6,1,,0,0,,0,0,,0,0,,0,0,,0,0,,0,0,7,7,30,XNAS,AAPL,350012,USD,PRE_OPEN,0,308065,1
30,2025-09-10,2025-09-10 08:00:00.927276,2025-09-10 04:00:00.927276,2025-09-10 08:00:00.927276851,-14400,233.88,100,1,234.72,100,1,233.2,1000,1,234.8,1000,1,231.8,1000,1,235.0,1000,1,223.0,1,1,247.85,5,1,216.0,60,1,259.41,6,1,192.92,10,1,260.0,20,1,,0,0,296.12,6,1,,0,0,,0,0,,0,0,,0,0,,0,0,,0,0,6,7,31,XNAS,AAPL,350012,USD,PRE_OPEN,0,308673,1
31,2025-09-10,2025-09-10 08:00:00.927316,2025-09-10 04:00:00.927316,2025-09-10 08:00:00.927316705,-14400,234.0,22,1,234.72,100,1,233.88,100,1,234.8,1000,1,233.2,1000,1,235.0,1000,1,231.8,1000,1,247.85,5,1,223.0,1,1,259.41,6,1,216.0,60,1,260.0,20,1,192.92,10,1,296.12,6,1,,0,0,,0,0,,0,0,,0,0,,0,0,,0,0,7,7,32,XNAS,AAPL,350012,USD,PRE_OPEN,0,308675,1
32,2025-09-10,2025-09-10 08:00:01.112444,2025-09-10 04:00:01.112444,2025-09-10 08:00:01.112444284,-14400,234.0,22,1,234.72,100,1,233.88,100,1,234.8,1000,1,233.2,1000,1,247.85,5,1,231.8,1000,1,259.41,6,1,223.0,1,1,260.0,20,1,216.0,60,1,296.12,6,1,192.92,10,1,,0,0,,0,0,,0,0,,0,0,,0,0,,0,0,,0,0,7,6,33,XNAS,AAPL,350012,USD,PRE_OPEN,0,310177,1
33,2025-09-10,2025-09-10 08:00:01.122593,2025-09-10 04:00:01.122593,2025-09-10 08:00:01.122593671,-14400,234.0,22,1,234.72,100,1,233.88,100,1,234.8,1000,1,233.2,1000,1,235.2,1000,1,231.8,1000,1,247.85,5,1,223.0,1,1,259.41,6,1,216.0,60,1,260.0,20,1,192.92,10,1,296.12,6,1,,0,0,,0,0,,0,0,,0,0,,0,0,,0,0,7,7,34,XNAS,AAPL,350012,USD,PRE_OPEN,0,310448,1
34,2025-09-10,2025-09-10 08:00:01.128877,2025-09-10 04:00:01.128877,2025-09-10 08:00:01.128877740,-14400,234.0,22,1,234.6,100,1,233.88,100,1,234.8,1000,1,233.2,1000,1,235.2,1000,1,231.8,1000,1,247.85,5,1,223.0,1,1,259.41,6,1,216.0,60,1,260.0,20,1,192.92,10,1,296.12,6,1,,0,0,,0,0,,0,0,,0,0,,0,0,,0,0,7,7,35,XNAS,AAPL,350012,USD,PRE_OPEN,0,310552,1
35,2025-09-10,2025-09-10 08:00:01.229856,2025-09-10 04:00:01.229856,2025-09-10 08:00:01.229856888,-14400,234.0,22,1,234.6,100,1,233.88,100,1,234.8,1000,1,233.2,1000,1,235.2,1000,1,231.8,1000,1,247.85,5,1,223.0,1,1,259.41,6,1,216.0,60,1,260.0,20,1,200.5,100,1,296.12,6,1,192.92,10,1,,0,0,,0,0,,0,0,,0,0,,0,0,8,7,36,XNAS,AAPL,350012,USD,PRE_OPEN,0,311402,1
36,2025-09-10,2025-09-10 08:00:01.349206,2025-09-10 04:00:01.349206,2025-09-10 08:00:01.349206745,-14400,234.0,22,1,234.21,8,1,233.88,100,1,234.6,100,1,233.2,1000,1,234.8,1000,1,231.8,1000,1,235.2,1000,1,223.0,1,1,247.85,5,1,216.0,60,1,259.41,6,1,200.5,100,1,260.0,20,1,192.92,10,1,296.12,6,1,,0,0,,0,0,,0,0,,0,0,8,8,37,XNAS,AAPL,350012,USD,PRE_OPEN,0,312320,1
37,2025-09-10,2025-09-10 08:00:01.355071,2025-09-10 04:00:01.355071,2025-09-10 08:00:01.355071572,-14400,234.0,22,1,234.21,8,1,233.88,100,1,234.6,100,1,233.2,1000,1,234.8,1000,1,231.8,1000,1,247.85,5,1,223.0,1,1,259.41,6,1,216.0,60,1,260.0,20,1,200.5,100,1,296.12,6,1,192.92,10,1,,0,0,,0,0,,0,0,,0,0,,0,0,8,7,38,XNAS,AAPL,350012,USD,PRE_OPEN,0,312406,1
38,2025-09-10,2025-09-10 08:00:01.361199,2025-09-10 04:00:01.361199,2025-09-10 08:00:01.361199608,-14400,234.0,22,1,234.21,8,1,233.88,100,1,234.35,15,1,233.2,1000,1,234.6,100,1,231.8,1000,1,234.8,1000,1,223.0,1,1,247.85,5,1,216.0,60,1,259.41,6,1,200.5,100,1,260.0,20,1,192.92,10,1,296.12,6,1,,0,0,,0,0,,0,0,,0,0,8,8,39,XNAS,AAPL,350012,USD,PRE_OPEN,0,312496,1
39,2025-09-10,2025-09-10 08:00:01.442640,2025-09-10 04:00:01.442640,2025-09-10 08:00:01.442640188,-14400,234.0,22,1,234.21,8,1,233.88,100,1,234.35,15,1,233.2,1000,1,234.6,100,1,231.8,1000,1,234.8,1000,1,223.0,1,1,235.4,1000,1,216.0,60,1,247.85,5,1,200.5,100,1,259.41,6,1,192.92,10,1,260.0,20,1,,0,0,296.12,6,1,,0,0,,0,0,8,9,40,XNAS,AAPL,350012,USD,PRE_OPEN,0,312901,1
40,2025-09-10,2025-09-10 08:00:01.612564,2025-09-10 04:00:01.612564,2025-09-10 08:00:01.612564548,-14400,234.0,22,1,234.21,8,1,233.88,100,1,234.35,15,1,233.2,1000,1,234.6,100,1,231.8,1000,1,234.8,1000,1,223.0,1,1,235.4,1000,1,216.0,60,1,247.85,5,1,200.5,100,1,259.41,6,1,192.92,10,1,260.0,20,1,175.0,20,1,296.12,6,1,,0,0,,0,0,9,9,41,XNAS,AAPL,350012,USD,PRE_OPEN,0,313708,1
41,2025-09-10,2025-09-10 08:00:01.612655,2025-09-10 04:00:01.612655,2025-09-10 08:00:01.612655230,-14400,234.0,22,1,234.21,8,1,233.88,100,1,234.35,15,1,233.2,1000,1,234.6,100,1,231.8,1000,1,234.8,1000,1,223.0,1,1,235.4,1000,1,216.0,60,1,247.85,5,1,200.5,100,1,259.41,6,1,192.92,10,1,260.0,20,1,191.0,10,1,296.12,6,1,175.0,20,1,,0,0,10,9,42,XNAS,AAPL,350012,USD,PRE_OPEN,0,313710,1
42,2025-09-10,2025-09-10 08:00:01.612683,2025-09-10 04:00:01.612683,2025-09-10 08:00:01.612683206,-14400,234.0,22,1,234.21,8,1,233.88,100,1,234.35,15,1,233.2,1000,1,234.6,100,1,231.8,1000,1,234.8,1000,1,223.0,1,1,235.4,1000,1,216.0,60,1,247.85,5,1,200.5,100,1,259.41,6,1,195.0,20,1,260.0,20,1,192.92,10,1,296.12,6,1,191.0,10,1,,0,0,11,9,43,XNAS,AAPL,350012,USD,PRE_OPEN,0,313711,1
43,2025-09-10,2025-09-10 08:00:01.612725,2025-09-10 04:00:01.612725,2025-09-10 08:00:01.612725527,-14400,234.0,22,1,234.21,8,1,233.88,100,1,234.35,15,1,233.2,1000,1,234.6,100,1,231.8,1000,1,234.8,1000,1,223.0,1,1,235.4,1000,1,216.0,60,1,245.0,10,1,200.5,100,1,247.85,5,1,195.0,20,1,259.41,6,1,192.92,10,1,260.0,20,1,191.0,10,1,296.12,6,1,11,10,44,XNAS,AAPL,350012,USD,PRE_OPEN,0,313712,1
44,2025-09-10,2025-09-10 08:00:01.612803,2025-09-10 04:00:01.612803,2025-09-10 08:00:01.612803440,-14400,234.0,22,1,234.21,8,1,233.88,100,1,234.35,15,1,233.2,1000,1,234.6,100,1,231.8,1000,1,234.8,1000,1,223.0,1,1,235.4,1000,1,216.0,60,1,245.0,10,1,200.5,100,1,247.85,5,1,199.0,20,1,259.41,6,1,195.0,20,1,260.0,20,1,192.92,10,1,296.12,6,1,12,10,45,XNAS,AAPL,350012,USD,PRE_OPEN,0,313714,1
45,2025-09-10,2025-09-10 08:00:01.612844,2025-09-10 04:00:01.612844,2025-09-10 08:00:01.612844224,-14400,234.0,22,1,234.21,8,1,233.88,100,1,234.35,15,1,233.2,1000,1,234.6,100,1,231.8,1000,1,234.8,1000,1,223.0,1,1,235.4,1000,1,216.0,60,1,245.0,10,1,202.5,20,1,247.85,5,1,200.5,100,1,259.41,6,1,199.0,20,1,260.0,20,1,195.0,20,1,296.12,6,1,13,10,46,XNAS,AAPL,350012,USD,PRE_OPEN,0,313715,1
46,2025-09-10,2025-09-10 08:00:01.612922,2025-09-10 04:00:01.612922,2025-09-10 08:00:01.612922956,-14400,234.0,22,1,234.21,8,1,233.88,100,1,234.35,15,1,233.2,1000,1,234.6,100,1,231.8,1000,1,234.8,1000,1,223.0,1,1,235.4,1000,1,220.0,10,1,245.0,10,1,216.0,60,1,247.85,5,1,202.5,20,1,259.41,6,1,200.5,100,1,260.0,20,1,199.0,20,1,296.12,6,1,14,10,47,XNAS,AAPL,350012,USD,PRE_OPEN,0,313716,1
47,2025-09-10,2025-09-10 08:00:01.612965,2025-09-10 04:00:01.612965,2025-09-10 08:00:01.612965535,-14400,234.0,22,1,234.21,8,1,233.88,100,1,234.35,15,1,233.2,1000,1,234.6,100,1,231.8,1000,1,234.8,1000,1,223.0,1,1,235.4,1000,1,220.0,10,1,245.0,10,1,216.0,60,1,247.85,5,1,210.0,10,1,259.41,6,1,202.5,20,1,260.0,20,1,200.5,100,1,296.12,6,1,15,10,48,XNAS,AAPL,350012,USD,PRE_OPEN,0,313719,1
48,2025-09-10,2025-09-10 08:00:01.614723,2025-09-10 04:00:01.614723,2025-09-10 08:00:01.614723116,-14400,234.0,22,1,234.21,8,1,233.88,100,1,234.35,15,1,233.2,1000,1,234.6,100,1,231.8,1000,1,234.8,1000,1,227.0,2,1,235.4,1000,1,223.0,1,1,245.0,10,1,220.0,10,1,247.85,5,1,216.0,60,1,259.41,6,1,210.0,10,1,260.0,20,1,202.5,20,1,296.12,6,1,16,10,49,XNAS,AAPL,350012,USD,PRE_OPEN,0,313732,1
49,2025-09-10,2025-09-10 08:00:01.923484,2025-09-10 04:00:01.923484,2025-09-10 08:00:01.923484640,-14400,234.0,22,1,234.21,8,1,233.88,100,1,234.35,15,1,233.2,1000,1,234.6,100,1,231.8,1000,1,234.8,1000,1,227.0,2,1,235.4,1000,1,223.0,1,1,245.0,10,1,220.0,10,1,247.85,5,1,216.0,60,1,255.0,40,1,210.0,10,1,259.41,6,1,202.5,20,1,260.0,20,1,17,11,50,XNAS,AAPL,350012,USD,PRE_OPEN,0,315689,1
50,2025-09-10,2025-09-10 08:00:01.933666,2025-09-10 04:00:01.933666,2025-09-10 08:00:01.933666433,-14400,234.0,22,1,234.21,8,1,233.88,100,1,234.35,15,1,233.2,1000,1,234.6,100,1,231.8,1000,1,234.8,1000,1,227.0,2,1,235.4,1000,1,223.0,1,1,242.0,1,1,220.0,10,1,245.0,10,1,216.0,60,1,247.85,5,1,210.0,10,1,255.0,40,1,202.5,20,1,259.41,6,1,17,12,51,XNAS,AAPL,350012,USD,PRE_OPEN,0,315723,1
51,2025-09-10,2025-09-10 08:00:02.040023,2025-09-10 04:00:02.040023,2025-09-10 08:00:02.040023454,-14400,234.0,22,1,234.21,8,1,233.88,100,1,234.35,15,1,233.2,1000,1,234.6,100,1,231.8,1000,1,234.8,1000,1,227.0,2,1,235.4,1000,1,223.0,1,1,242.0,1,1,220.5,30,1,245.0,10,1,220.0,10,1,247.85,5,1,216.0,60,1,255.0,40,1,210.0,10,1,259.41,6,1,18,12,52,XNAS,AAPL,350012,USD,PRE_OPEN,0,316346,1
52,2025-09-10,2025-09-10 08:00:02.059610,2025-09-10 04:00:02.059610,2025-09-10 08:00:02.059610017,-14400,234.0,22,1,234.21,8,1,233.88,100,1,234.35,15,1,233.2,1000,1,234.6,100,1,231.8,1000,1,234.8,1000,1,227.0,2,1,235.4,1000,1,223.0,1,1,242.0,1,1,220.5,30,1,244.59,5,1,220.0,10,1,245.0,10,1,216.0,60,1,247.85,5,1,210.0,10,1,255.0,40,1,18,13,53,XNAS,AAPL,350012,USD,PRE_OPEN,0,316488,1
53,2025-09-10,2025-09-10 08:00:02.145335,2025-09-10 04:00:02.145335,2025-09-10 08:00:02.145335595,-14400,234.0,22,1,234.21,8,1,233.88,100,1,234.35,15,1,233.2,1000,1,234.6,100,1,231.8,1000,1,234.8,1000,1,227.0,2,1,235.4,1000,1,223.0,1,1,242.0,1,1,220.5,30,1,244.59,5,1,220.0,10,1,245.0,10,1,216.0,60,1,247.85,5,1,210.0,10,1,255.0,90,2,19,13,54,XNAS,AAPL,350012,USD,PRE_OPEN,0,317025,1
54,2025-09-10,2025-09-10 08:00:02.206357,2025-09-10 04:00:02.206357,2025-09-10 08:00:02.206357863,-14400,234.0,22,1,234.21,8,1,233.88,100,1,234.35,15,1,233.2,1000,1,234.8,1000,1,231.8,1000,1,235.4,1000,1,227.0,2,1,242.0,1,1,223.0,1,1,244.59,5,1,220.5,30,1,245.0,10,1,220.0,10,1,247.85,5,1,216.0,60,1,255.0,90,2,210.0,10,1,259.41,6,1,19,12,55,XNAS,AAPL,350012,USD,PRE_OPEN,0,317278,1
55,2025-09-10,2025-09-10 08:00:02.206511,2025-09-10 04:00:02.206511,2025-09-10 08:00:02.206511907,-14400,234.0,22,1,234.21,8,1,233.88,100,1,234.35,15,1,233.2,1000,1,234.8,1000,1,231.8,1000,1,242.0,1,1,227.0,2,1,244.59,5,1,223.0,1,1,245.0,10,1,220.5,30,1,247.85,5,1,220.0,10,1,255.0,90,2,216.0,60,1,259.41,6,1,210.0,10,1,260.0,20,1,19,11,56,XNAS,AAPL,350012,USD,PRE_OPEN,0,317279,1
56,2025-09-10,2025-09-10 08:00:02.268077,2025-09-10 04:00:02.268077,2025-09-10 08:00:02.268077920,-14400,234.0,22,1,234.21,8,1,233.88,100,1,234.35,15,1,233.2,1000,1,234.8,1000,1,231.8,1000,1,235.4,1000,1,227.0,2,1,242.0,1,1,223.0,1,1,244.59,5,1,220.5,30,1,245.0,10,1,220.0,10,1,247.85,5,1,216.0,60,1,255.0,90,2,210.0,10,1,259.41,6,1,19,12,57,XNAS,AAPL,350012,USD,PRE_OPEN,0,317674,1
57,2025-09-10,2025-09-10 08:00:02.270439,2025-09-10 04:00:02.270439,2025-09-10 08:00:02.270439494,-14400,234.0,22,1,234.21,8,1,233.88,100,1,234.35,15,1,233.2,1000,1,234.59,3,1,231.8,1000,1,234.8,1000,1,227.0,2,1,235.4,1000,1,223.0,1,1,242.0,1,1,220.5,30,1,244.59,5,1,220.0,10,1,245.0,10,1,216.0,60,1,247.85,5,1,210.0,10,1,255.0,90,2,19,13,58,XNAS,AAPL,350012,USD,PRE_OPEN,0,317683,1
58,2025-09-10,2025-09-10 08:00:02.279982,2025-09-10 04:00:02.279982,2025-09-10 08:00:02.279982464,-14400,234.0,22,1,234.21,8,1,233.88,100,1,234.35,15,1,233.2,1000,1,234.59,3,1,231.8,1000,1,234.6,100,1,227.0,2,1,234.8,1000,1,223.0,1,1,235.4,1000,1,220.5,30,1,242.0,1,1,220.0,10,1,244.59,5,1,216.0,60,1,245.0,10,1,210.0,10,1,247.85,5,1,19,14,59,XNAS,AAPL,350012,USD,PRE_OPEN,0,317750,1
59,2025-09-10,2025-09-10 08:00:02.465080,2025-09-10 04:00:02.465080,2025-09-10 08:00:02.465080184,-14400,234.0,22,1,234.21,8,1,233.88,100,1,234.35,15,1,233.2,1000,1,234.59,3,1,231.8,1000,1,234.6,100,1,227.0,2,1,234.8,1000,1,223.0,1,1,235.4,1000,1,220.5,30,1,242.0,1,1,220.0,10,1,244.59,5,1,216.0,60,1,245.0,10,1,215.5,1,1,247.85,5,1,21,14,60,XNAS,AAPL,350012,USD,PRE_OPEN,0,318788,1
60,2025-09-10,2025-09-10 08:00:02.465162,2025-09-10 04:00:02.465162,2025-09-10 08:00:02.465162268,-14400,234.0,22,1,234.21,8,1,233.88,100,1,234.35,15,1,233.2,1000,1,234.59,3,1,231.8,1000,1,234.6,100,1,227.0,2,1,234.8,1000,1,223.0,1,1,235.4,1000,1,220.5,30,1,242.0,1,1,220.0,10,1,244.59,5,1,216.0,60,1,245.0,11,2,215.5,1,1,247.85,5,1,21,14,61,XNAS,AAPL,350012,USD,PRE_OPEN,0,318789,1
61,2025-09-10,2025-09-10 08:00:02.570640,2025-09-10 04:00:02.570640,2025-09-10 08:00:02.570640181,-14400,234.0,22,1,234.21,8,1,233.88,100,1,234.35,15,1,233.52,2,1,234.59,3,1,233.2,1000,1,234.6,100,1,231.8,1000,1,234.8,1000,1,227.0,2,1,235.4,1000,1,223.0,1,1,242.0,1,1,220.5,30,1,244.59,5,1,220.0,10,1,245.0,11,2,216.0,60,1,247.85,5,1,23,14,62,XNAS,AAPL,350012,USD,PRE_OPEN,0,319231,1
62,2025-09-10,2025-09-10 08:00:02.600070,2025-09-10 04:00:02.600070,2025-09-10 08:00:02.600070067,-14400,234.0,22,1,234.21,8,1,233.88,100,1,234.3,50,1,233.52,2,1,234.35,15,1,233.2,1000,1,234.59,3,1,231.8,1000,1,234.6,100,1,227.0,2,1,234.8,1000,1,223.0,1,1,235.4,1000,1,220.5,30,1,242.0,1,1,220.0,10,1,244.59,5,1,216.0,60,1,245.0,11,2,23,15,63,XNAS,AAPL,350012,USD,PRE_OPEN,0,319356,1
63,2025-09-10,2025-09-10 08:00:02.738741,2025-09-10 04:00:02.738741,2025-09-10 08:00:02.738741839,-14400,234.0,22,1,234.21,8,1,233.88,100,1,234.3,50,1,233.52,3,2,234.35,15,1,233.2,1000,1,234.59,3,1,231.8,1000,1,234.6,100,1,227.0,2,1,234.8,1000,1,223.0,1,1,235.4,1000,1,220.5,30,1,242.0,1,1,220.0,10,1,244.59,5,1,216.0,60,1,245.0,11,2,23,15,64,XNAS,AAPL,350012,USD,PRE_OPEN,0,319758,1
64,2025-09-10,2025-09-10 08:00:02.904509,2025-09-10 04:00:02.904509,2025-09-10 08:00:02.904509516,-14400,234.0,22,1,234.21,8,1,233.88,100,1,234.3,50,1,233.52,3,2,234.35,15,1,231.8,1000,1,234.59,3,1,227.0,2,1,234.6,100,1,223.0,1,1,234.8,1000,1,220.5,30,1,235.4,1000,1,220.0,10,1,242.0,1,1,216.0,60,1,244.59,5,1,215.5,1,1,245.0,11,2,23,15,65,XNAS,AAPL,350012,USD,PRE_OPEN,0,320473,1
65,2025-09-10,2025-09-10 08:00:02.915081,2025-09-10 04:00:02.915081,2025-09-10 08:00:02.915081285,-14400,234.0,22,1,234.21,8,1,233.88,100,1,234.3,50,1,233.52,3,2,234.35,15,1,233.0,1000,1,234.59,3,1,231.8,1000,1,234.6,100,1,227.0,2,1,234.8,1000,1,223.0,1,1,235.4,1000,1,220.5,30,1,242.0,1,1,220.0,10,1,244.59,5,1,216.0,60,1,245.0,11,2,24,15,66,XNAS,AAPL,350012,USD,PRE_OPEN,0,320523,1
66,2025-09-10,2025-09-10 08:00:02.935110,2025-09-10 04:00:02.935110,2025-09-10 08:00:02.935110569,-14400,234.0,22,1,234.21,8,1,233.88,100,1,234.3,50,1,233.52,3,2,234.35,15,1,233.2,1000,1,234.59,3,1,233.0,1000,1,234.6,100,1,231.8,1000,1,234.8,1000,1,227.0,2,1,235.4,1000,1,223.0,1,1,242.0,1,1,220.5,30,1,244.59,5,1,220.0,10,1,245.0,11,2,25,15,67,XNAS,AAPL,350012,USD,PRE_OPEN,0,320558,1
67,2025-09-10,2025-09-10 08:00:02.935134,2025-09-10 04:00:02.935134,2025-09-10 08:00:02.935134152,-14400,234.0,22,1,234.21,8,1,233.88,100,1,234.3,50,1,233.52,3,2,234.35,15,1,233.2,1000,1,234.59,3,1,231.8,1000,1,234.6,100,1,227.0,2,1,234.8,1000,1,223.0,1,1,235.4,1000,1,220.5,30,1,242.0,1,1,220.0,10,1,244.59,5,1,216.0,60,1,245.0,11,2,24,15,68,XNAS,AAPL,350012,USD,PRE_OPEN,0,320559,1
68,2025-09-10,2025-09-10 08:00:02.945937,2025-09-10 04:00:02.945937,2025-09-10 08:00:02.945937827,-14400,234.0,22,1,234.21,8,1,233.88,100,1,234.3,50,1,233.52,3,2,234.35,15,1,233.2,1000,1,234.59,3,1,231.8,1000,1,234.6,100,1,231.0,20,1,234.8,1000,1,227.0,2,1,235.4,1000,1,223.0,1,1,242.0,1,1,220.5,30,1,244.59,5,1,220.0,10,1,245.0,11,2,25,15,69,XNAS,AAPL,350012,USD,PRE_OPEN,0,320582,1
69,2025-09-10,2025-09-10 08:00:02.946615,2025-09-10 04:00:02.946615,2025-09-10 08:00:02.946615297,-14400,234.0,22,1,234.21,8,1,233.88,100,1,234.3,50,1,233.52,3,2,234.35,15,1,233.2,1000,1,234.59,3,1,231.8,1000,1,234.6,100,1,231.0,20,1,234.8,1000,1,227.0,2,1,235.4,1000,1,223.25,1,1,242.0,1,1,223.0,1,1,244.59,5,1,220.5,30,1,245.0,11,2,26,15,70,XNAS,AAPL,350012,USD,PRE_OPEN,0,320584,1
70,2025-09-10,2025-09-10 08:00:03.000456,2025-09-10 04:00:03.000456,2025-09-10 08:00:03.000456184,-14400,234.0,22,1,234.21,8,1,233.88,100,1,234.3,50,1,233.52,3,2,234.35,15,1,233.2,1000,1,234.59,3,1,231.8,1000,1,234.6,100,1,231.0,20,1,234.8,1000,1,227.0,2,1,235.4,1000,1,223.25,1,1,241.0,10,1,223.0,1,1,242.0,1,1,220.5,30,1,244.59,5,1,26,17,71,XNAS,AAPL,350012,USD,PRE_OPEN,0,320799,1
71,2025-09-10,2025-09-10 08:00:03.000577,2025-09-10 04:00:03.000577,2025-09-10 08:00:03.000577990,-14400,234.0,22,1,234.21,8,1,233.88,100,1,234.3,50,1,233.52,3,2,234.35,15,1,233.2,1000,1,234.59,3,1,231.8,1000,1,234.6,100,1,231.0,20,1,234.8,1000,1,227.0,2,1,235.4,1000,1,223.25,1,1,241.0,10,1,223.0,1,1,241.11,10,1,220.5,30,1,242.0,1,1,26,18,72,XNAS,AAPL,350012,USD,PRE_OPEN,0,320800,1
72,2025-09-10,2025-09-10 08:00:03.000655,2025-09-10 04:00:03.000655,2025-09-10 08:00:03.000655710,-14400,234.0,22,1,234.21,8,1,233.88,100,1,234.3,50,1,233.52,3,2,234.35,15,1,233.2,1000,1,234.59,3,1,231.8,1000,1,234.6,100,1,231.0,20,1,234.8,1000,1,227.0,2,1,235.4,1000,1,223.25,1,1,240.65,10,1,223.0,1,1,241.0,10,1,220.5,30,1,241.11,10,1,26,19,73,XNAS,AAPL,350012,USD,PRE_OPEN,0,320801,1
73,2025-09-10,2025-09-10 08:00:03.000704,2025-09-10 04:00:03.000704,2025-09-10 08:00:03.000704052,-14400,234.0,22,1,234.21,8,1,233.88,100,1,234.3,50,1,233.52,3,2,234.35,15,1,233.2,1000,1,234.59,3,1,231.8,1000,1,234.6,100,1,231.0,20,1,234.8,1000,1,227.0,2,1,235.4,1000,1,223.25,1,1,239.36,10,1,223.0,1,1,240.65,10,1,220.5,30,1,241.0,10,1,26,20,74,XNAS,AAPL,350012,USD,PRE_OPEN,0,320802,1
74,2025-09-10,2025-09-10 08:00:03.000778,2025-09-10 04:00:03.000778,2025-09-10 08:00:03.000778562,-14400,234.0,22,1,234.21,8,1,233.88,100,1,234.3,50,1,233.52,3,2,234.35,15,1,233.2,1000,1,234.59,3,1,231.8,1000,1,234.6,100,1,231.0,20,1,234.8,1000,1,227.0,2,1,235.4,1000,1,223.25,1,1,239.22,10,1,223.0,1,1,239.36,10,1,220.5,30,1,240.65,10,1,26,21,75,XNAS,AAPL,350012,USD,PRE_OPEN,0,320804,1
75,2025-09-10,2025-09-10 08:00:03.000817,2025-09-10 04:00:03.000817,2025-09-10 08:00:03.000817921,-14400,234.0,22,1,234.21,8,1,233.88,100,1,234.3,50,1,233.52,3,2,234.35,15,1,233.2,1000,1,234.59,3,1,231.8,1000,1,234.6,100,1,231.0,20,1,234.8,1000,1,227.0,2,1,235.4,1000,1,223.25,1,1,238.65,10,1,223.0,1,1,239.22,10,1,220.5,30,1,239.36,10,1,26,22,76,XNAS,AAPL,350012,USD,PRE_OPEN,0,320805,1
76,2025-09-10,2025-09-10 08:00:03.110289,2025-09-10 04:00:03.110289,2025-09-10 08:00:03.110289903,-14400,234.0,22,1,234.21,8,1,233.88,100,1,234.3,50,1,233.52,3,2,234.35,15,1,233.2,1000,1,234.59,3,1,231.8,1000,1,234.6,100,1,231.0,20,1,234.8,1000,1,227.0,2,1,235.4,1000,1,223.25,1,1,238.0,10,1,223.0,1,1,238.65,10,1,220.5,30,1,239.22,10,1,26,23,77,XNAS,AAPL,350012,USD,PRE_OPEN,0,321140,1
77,2025-09-10,2025-09-10 08:00:03.110371,2025-09-10 04:00:03.110371,2025-09-10 08:00:03.110371287,-14400,234.0,22,1,234.21,8,1,233.88,100,1,234.3,50,1,233.52,3,2,234.35,15,1,233.2,1000,1,234.59,3,1,231.8,1000,1,234.6,100,1,231.0,20,1,234.8,1000,1,227.0,2,1,235.4,1000,1,223.25,1,1,238.0,10,1,223.0,1,1,238.65,10,1,220.5,30,1,239.0,10,1,26,24,78,XNAS,AAPL,350012,USD,PRE_OPEN,0,321141,1
78,2025-09-10,2025-09-10 08:00:03.647231,2025-09-10 04:00:03.647231,2025-09-10 08:00:03.647231380,-14400,234.0,22,1,234.21,8,1,233.88,100,1,234.3,50,1,233.52,3,2,234.35,15,1,233.2,1000,1,234.59,3,1,231.8,1000,1,234.6,100,1,231.0,20,1,234.8,1000,1,227.0,2,1,235.4,1000,1,223.25,1,1,238.0,10,1,223.0,1,1,238.29,10,1,220.5,30,1,238.65,10,1,33,26,79,XNAS,AAPL,350012,USD,PRE_OPEN,0,323618,1
79,2025-09-10,2025-09-10 08:00:04.143648,2025-09-10 04:00:04.143648,2025-09-10 08:00:04.143648109,-14400,234.0,22,1,234.21,8,1,233.88,100,1,234.3,50,1,233.52,3,2,234.35,15,1,233.2,1000,1,234.59,3,1,231.8,1000,1,234.6,100,1,231.0,20,1,234.8,1000,1,230.09,1,1,235.4,1000,1,227.0,2,1,238.0,10,1,223.25,1,1,238.29,10,1,223.0,1,1,238.65,10,1,34,28,80,XNAS,AAPL,350012,USD,PRE_OPEN,0,325234,1
80,2025-09-10,2025-09-10 08:00:04.166935,2025-09-10 04:00:04.166935,2025-09-10 08:00:04.166935744,-14400,234.0,22,1,234.21,8,1,233.88,100,1,234.3,50,1,233.52,3,2,234.35,15,1,233.2,1000,1,234.59,3,1,231.8,1000,1,234.6,100,1,231.0,20,1,234.8,1000,1,230.09,1,1,235.4,1000,1,230.0,5,1,238.0,10,1,227.0,2,1,238.29,10,1,223.25,1,1,238.65,10,1,35,28,81,XNAS,AAPL,350012,USD,PRE_OPEN,0,325308,1
81,2025-09-10,2025-09-10 08:00:04.195902,2025-09-10 04:00:04.195902,2025-09-10 08:00:04.195902178,-14400,234.0,22,1,234.21,8,1,233.88,100,1,234.3,50,1,233.52,3,2,234.35,15,1,233.2,1000,1,234.59,3,1,232.02,1,1,234.6,100,1,231.8,1000,1,234.8,1000,1,231.0,20,1,235.4,1000,1,230.09,1,1,238.0,10,1,230.0,5,1,238.29,10,1,227.0,2,1,238.65,10,1,37,28,82,XNAS,AAPL,350012,USD,PRE_OPEN,0,325469,1
82,2025-09-10,2025-09-10 08:00:04.243638,2025-09-10 04:00:04.243638,2025-09-10 08:00:04.243638281,-14400,234.0,22,1,234.21,8,1,233.88,100,1,234.3,50,1,233.52,3,2,234.35,15,1,233.2,1000,1,234.59,3,1,232.02,1,1,234.6,100,1,231.8,1000,1,234.8,1000,1,231.0,20,1,235.4,1000,1,230.09,1,1,238.0,10,1,230.0,5,1,238.29,10,1,228.0,4,1,238.65,10,1,38,28,83,XNAS,AAPL,350012,USD,PRE_OPEN,0,325591,1
83,2025-09-10,2025-09-10 08:00:04.243959,2025-09-10 04:00:04.243959,2025-09-10 08:00:04.243959101,-14400,234.0,22,1,234.21,8,1,233.88,100,1,234.3,50,1,233.52,3,2,234.35,15,1,233.2,1000,1,234.59,3,1,232.02,1,1,234.6,100,1,231.8,1000,1,234.8,1000,1,231.0,20,1,235.4,1000,1,230.1,50,1,238.0,10,1,230.09,1,1,238.29,10,1,230.0,5,1,238.65,10,1,39,28,84,XNAS,AAPL,350012,USD,PRE_OPEN,0,325593,1
84,2025-09-10,2025-09-10 08:00:04.283250,2025-09-10 04:00:04.283250,2025-09-10 08:00:04.283250063,-14400,234.0,22,1,234.21,8,1,233.88,100,1,234.3,50,1,233.52,3,2,234.35,15,1,233.2,1000,1,234.59,3,1,232.02,1,1,234.6,100,1,231.8,1000,1,234.8,1000,1,231.0,20,1,235.4,1000,1,230.1,50,1,238.0,10,1,230.09,1,1,238.29,10,1,230.0,105,2,238.65,10,1,40,28,85,XNAS,AAPL,350012,USD,PRE_OPEN,0,325702,1
85,2025-09-10,2025-09-10 08:00:04.387084,2025-09-10 04:00:04.387084,2025-09-10 08:00:04.387084401,-14400,234.0,22,1,234.21,8,1,233.88,100,1,234.3,50,1,233.52,3,2,234.35,15,1,233.2,1000,1,234.59,3,1,232.02,1,1,234.6,100,1,231.8,1000,1,234.8,1000,1,231.0,20,1,235.4,1000,1,230.86,50,1,238.0,10,1,230.1,50,1,238.29,10,1,230.09,1,1,238.65,10,1,42,29,86,XNAS,AAPL,350012,USD,PRE_OPEN,0,325916,1
86,2025-09-10,2025-09-10 08:00:04.472030,2025-09-10 04:00:04.472030,2025-09-10 08:00:04.472030936,-14400,234.0,22,1,234.21,8,1,233.88,100,1,234.3,50,1,233.52,3,2,234.35,15,1,233.2,1000,1,234.59,3,1,232.02,1,1,234.6,100,1,232.0,2,1,234.8,1000,1,231.8,1000,1,235.4,1000,1,231.0,20,1,238.0,10,1,230.86,50,1,238.29,10,1,230.1,50,1,238.65,10,1,47,29,87,XNAS,AAPL,350012,USD,PRE_OPEN,0,326111,1
87,2025-09-10,2025-09-10 08:00:04.484355,2025-09-10 04:00:04.484355,2025-09-10 08:00:04.484355572,-14400,234.0,22,1,234.21,8,1,233.88,100,1,234.3,50,1,233.52,3,2,234.35,15,1,233.2,1000,1,234.59,3,1,232.02,1,1,234.6,100,1,232.0,2,1,234.8,1000,1,231.8,1000,1,235.4,1000,1,231.54,100,1,238.0,10,1,231.0,20,1,238.29,10,1,230.86,50,1,238.65,10,1,49,29,88,XNAS,AAPL,350012,USD,PRE_OPEN,0,326139,1
88,2025-09-10,2025-09-10 08:00:04.492077,2025-09-10 04:00:04.492077,2025-09-10 08:00:04.492077277,-14400,234.0,22,1,234.21,8,1,233.88,100,1,234.3,50,1,233.52,3,2,234.35,15,1,233.2,1000,1,234.59,3,1,233.0,10,1,234.6,100,1,232.02,1,1,234.8,1000,1,232.0,2,1,235.4,1000,1,231.8,1000,1,238.0,10,1,231.54,100,1,238.29,10,1,231.0,20,1,238.65,10,1,54,29,89,XNAS,AAPL,350012,USD,PRE_OPEN,0,326159,1
89,2025-09-10,2025-09-10 08:00:04.509243,2025-09-10 04:00:04.509243,2025-09-10 08:00:04.509243925,-14400,234.0,22,1,234.21,8,1,233.88,100,1,234.3,50,1,233.52,3,2,234.35,15,1,233.2,1000,1,234.59,3,1,233.0,10,1,234.6,100,1,232.95,2,1,234.8,1000,1,232.02,1,1,235.4,1000,1,232.0,2,1,238.0,10,1,231.8,1000,1,238.29,10,1,231.54,100,1,238.65,10,1,61,29,90,XNAS,AAPL,350012,USD,PRE_OPEN,0,326207,1
90,2025-09-10,2025-09-10 08:00:04.591069,2025-09-10 04:00:04.591069,2025-09-10 08:00:04.591069710,-14400,234.0,22,1,234.21,8,1,233.88,100,1,234.3,50,1,233.52,3,2,234.35,15,1,233.2,1000,1,234.59,3,1,233.0,12,2,234.6,100,1,232.95,2,1,234.8,1000,1,232.02,1,1,235.4,1000,1,232.0,2,1,238.0,10,1,231.8,1000,1,238.29,10,1,231.54,100,1,238.65,10,1,82,29,91,XNAS,AAPL,350012,USD,PRE_OPEN,0,326416,1
91,2025-09-10,2025-09-10 08:00:04.595872,2025-09-10 04:00:04.595872,2025-09-10 08:00:04.595872384,-14400,234.0,22,1,234.21,8,1,233.88,100,1,234.3,50,1,233.52,3,2,234.35,15,1,233.2,1000,1,234.59,3,1,233.0,212,3,234.6,100,1,232.95,2,1,234.8,1000,1,232.02,1,1,235.4,1000,1,232.0,2,1,238.0,10,1,231.8,1000,1,238.29,10,1,231.54,100,1,238.65,10,1,83,29,92,XNAS,AAPL,350012,USD,PRE_OPEN,0,326432,1
92,2025-09-10,2025-09-10 08:00:04.640886,2025-09-10 04:00:04.640886,2025-09-10 08:00:04.640886025,-14400,234.0,22,1,234.21,8,1,233.88,100,1,234.3,50,1,233.52,3,2,234.35,15,1,233.2,1000,1,234.59,3,1,233.0,212,3,234.6,100,1,232.95,2,1,234.8,1000,1,232.85,10,1,235.4,1000,1,232.02,1,1,238.0,10,1,232.0,2,1,238.29,10,1,231.8,1000,1,238.65,10,1,95,29,93,XNAS,AAPL,350012,USD,PRE_OPEN,0,326566,1
93,2025-09-10,2025-09-10 08:00:04.649288,2025-09-10 04:00:04.649288,2025-09-10 08:00:04.649288671,-14400,234.0,22,1,234.21,8,1,233.88,100,1,234.3,50,1,233.52,3,2,234.35,15,1,233.2,1000,1,234.59,3,1,233.0,212,3,234.6,100,1,232.95,2,1,234.8,1000,1,232.91,30,1,235.4,1000,1,232.85,10,1,238.0,10,1,232.02,1,1,238.29,10,1,232.0,2,1,238.65,10,1,96,29,94,XNAS,AAPL,350012,USD,PRE_OPEN,0,326587,1
94,2025-09-10,2025-09-10 08:00:04.677377,2025-09-10 04:00:04.677377,2025-09-10 08:00:04.677377928,-14400,234.0,22,1,234.21,8,1,233.88,100,1,234.3,50,1,233.52,3,2,234.35,15,1,233.2,1000,1,234.59,3,1,233.0,212,3,234.6,100,1,232.95,2,1,234.8,1000,1,232.91,30,1,235.4,1000,1,232.85,10,1,238.0,10,1,232.03,10,1,238.29,10,1,232.02,1,1,238.65,10,1,106,29,95,XNAS,AAPL,350012,USD,PRE_OPEN,0,326690,1
95,2025-09-10,2025-09-10 08:00:04.726953,2025-09-10 04:00:04.726953,2025-09-10 08:00:04.726953685,-14400,234.0,22,1,234.21,8,1,233.88,100,1,234.3,50,1,233.52,3,2,234.35,15,1,233.2,1000,1,234.59,3,1,233.0,213,4,234.6,100,1,232.95,2,1,234.8,1000,1,232.91,30,1,235.4,1000,1,232.85,10,1,238.0,10,1,232.03,10,1,238.29,10,1,232.02,1,1,238.65,10,1,116,29,96,XNAS,AAPL,350012,USD,PRE_OPEN,0,326861,1
96,2025-09-10,2025-09-10 08:00:04.767247,2025-09-10 04:00:04.767247,2025-09-10 08:00:04.767247478,-14400,234.0,22,1,234.21,8,1,233.88,100,1,234.3,50,1,233.52,3,2,234.35,15,1,233.2,1000,1,234.59,3,1,233.0,213,4,234.6,100,1,232.95,2,1,234.8,1000,1,232.91,30,1,235.4,1000,1,232.85,10,1,238.0,10,1,232.69,1,1,238.29,10,1,232.03,10,1,238.65,10,1,123,29,97,XNAS,AAPL,350012,USD,PRE_OPEN,0,327001,1
97,2025-09-10,2025-09-10 08:00:04.828827,2025-09-10 04:00:04.828827,2025-09-10 08:00:04.828827245,-14400,234.0,22,1,234.21,8,1,233.88,100,1,234.3,50,1,233.52,3,2,234.35,15,1,233.2,1000,1,234.59,3,1,233.0,213,4,234.6,100,1,232.95,2,1,234.8,1000,1,232.91,30,1,235.4,1000,1,232.85,10,1,238.0,10,1,232.69,1,1,238.29,10,1,232.54,1,1,238.65,10,1,132,29,98,XNAS,AAPL,350012,USD,PRE_OPEN,0,327234,1
98,2025-09-10,2025-09-10 08:00:04.861200,2025-09-10 04:00:04.861200,2025-09-10 08:00:04.861200514,-14400,234.0,22,1,234.21,8,1,233.88,100,1,234.3,50,1,233.52,3,2,234.35,15,1,233.2,1000,1,234.59,3,1,233.0,216,5,234.6,100,1,232.95,2,1,234.8,1000,1,232.91,30,1,235.4,1000,1,232.85,10,1,238.0,10,1,232.69,1,1,238.29,10,1,232.54,1,1,238.65,10,1,138,29,99,XNAS,AAPL,350012,USD,PRE_OPEN,0,327339,1
99,2025-09-10,2025-09-10 08:00:04.948507,2025-09-10 04:00:04.948507,2025-09-10 08:00:04.948507966,-14400,234.0,22,1,234.21,8,1,233.88,100,1,234.3,50,1,233.52,3,2,234.35,15,1,233.2,1000,1,234.59,3,1,233.0,216,5,234.6,100,1,232.95,2,1,234.8,1000,1,232.91,30,1,235.4,1000,1,232.85,10,1,238.0,10,1,232.8,10,1,238.29,10,1,232.69,1,1,238.65,10,1,148,29,100,XNAS,AAPL,350012,USD,PRE_OPEN,0,327678,1
100,2025-09-10,2025-09-10 08:00:05.104118,2025-09-10 04:00:05.104118,2025-09-10 08:00:05.104118863,-14400,234.0,22,1,234.21,8,1,233.88,100,1,234.3,50,1,233.52,3,2,234.35,15,1,233.2,1000,1,234.59,3,1,233.0,216,5,234.6,100,1,232.95,2,1,234.8,1000,1,232.91,30,1,235.4,1000,1,232.85,10,1,238.0,10,1,232.8,10,1,238.29,10,1,232.71,1,1,238.65,10,1,156,30,101,XNAS,AAPL,350012,USD,PRE_OPEN,0,328555,1
101,2025-09-10,2025-09-10 08:00:05.445618,2025-09-10 04:00:05.445618,2025-09-10 08:00:05.445618305,-14400,234.0,22,1,234.21,7,1,233.88,100,1,234.3,50,1,233.52,3,2,234.35,15,1,233.2,1000,1,234.59,3,1,233.0,216,5,234.6,100,1,232.95,2,1,234.8,1000,1,232.91,30,1,235.4,1000,1,232.85,10,1,238.0,10,1,232.8,10,1,238.29,10,1,232.71,1,1,238.65,10,1,165,30,102,XNAS,AAPL,350012,USD,PRE_OPEN,0,330139,1
102,2025-09-10,2025-09-10 08:00:05.566821,2025-09-10 04:00:05.566821,2025-09-10 08:00:05.566821328,-14400,234.0,22,1,234.21,7,1,233.88,100,1,234.3,50,1,233.52,3,2,234.35,15,1,233.2,1000,1,234.59,3,1,233.0,216,5,234.6,100,1,232.95,102,2,234.8,1000,1,232.91,30,1,235.4,1000,1,232.85,10,1,238.0,10,1,232.8,10,1,238.29,10,1,232.71,1,1,238.65,10,1,166,32,103,XNAS,AAPL,350012,USD,PRE_OPEN,0,330439,1
103,2025-09-10,2025-09-10 08:00:05.839246,2025-09-10 04:00:05.839246,2025-09-10 08:00:05.839246549,-14400,234.0,22,1,234.21,7,1,233.88,100,1,234.3,50,1,233.52,3,2,234.35,15,1,233.2,1000,1,234.59,3,1,233.0,216,5,234.6,100,1,232.95,102,2,234.8,1000,1,232.91,30,1,234.99,271,1,232.85,10,1,235.4,1000,1,232.8,10,1,238.0,10,1,232.71,1,1,238.29,10,1,167,33,104,XNAS,AAPL,350012,USD,PRE_OPEN,0,330988,1
104,2025-09-10,2025-09-10 08:00:06.070136,2025-09-10 04:00:06.070136,2025-09-10 08:00:06.070136688,-14400,234.0,22,1,234.21,7,1,233.88,100,1,234.3,50,1,233.6,2000,1,234.35,15,1,233.52,3,2,234.59,3,1,233.2,1000,1,234.6,100,1,233.0,216,5,234.8,1000,1,232.95,102,2,234.99,271,1,232.91,30,1,235.4,1000,1,232.85,10,1,238.0,10,1,232.8,10,1,238.29,10,1,168,33,105,XNAS,AAPL,350012,USD,PRE_OPEN,0,332150,1
105,2025-09-10,2025-09-10 08:00:06.070137,2025-09-10 04:00:06.070137,2025-09-10 08:00:06.070137814,-14400,234.0,22,1,234.21,7,1,233.88,100,1,234.3,50,1,233.6,2000,1,234.35,15,1,233.52,3,2,234.59,3,1,233.2,1000,1,234.6,100,1,233.0,216,5,234.8,1000,1,232.95,102,2,234.99,271,1,232.91,30,1,235.0,1000,1,232.85,10,1,235.4,1000,1,232.8,10,1,238.0,10,1,168,34,106,XNAS,AAPL,350012,USD,PRE_OPEN,0,332151,1
106,2025-09-10,2025-09-10 08:00:06.071162,2025-09-10 04:00:06.071162,2025-09-10 08:00:06.071162849,-14400,234.0,22,1,234.21,7,1,233.88,100,1,234.3,50,1,233.6,2000,1,234.35,15,1,233.52,3,2,234.59,3,1,233.2,1000,1,234.6,100,1,233.0,216,5,234.8,2000,2,232.95,102,2,234.99,271,1,232.91,30,1,235.0,1000,1,232.85,10,1,235.4,1000,1,232.8,10,1,238.0,10,1,168,34,107,XNAS,AAPL,350012,USD,PRE_OPEN,0,332182,1
107,2025-09-10,2025-09-10 08:00:06.080365,2025-09-10 04:00:06.080365,2025-09-10 08:00:06.080365320,-14400,234.0,22,1,234.21,7,1,233.88,100,1,234.3,50,1,233.6,2000,1,234.35,15,1,233.52,3,2,234.59,3,1,233.4,1000,1,234.6,100,1,233.2,1000,1,234.8,2000,2,233.0,216,5,234.99,271,1,232.95,102,2,235.0,1000,1,232.91,30,1,235.4,1000,1,232.85,10,1,238.0,10,1,169,34,108,XNAS,AAPL,350012,USD,PRE_OPEN,0,332254,1
108,2025-09-10,2025-09-10 08:00:06.080393,2025-09-10 04:00:06.080393,2025-09-10 08:00:06.080393238,-14400,234.0,22,1,234.21,7,1,233.88,100,1,234.3,50,1,233.6,2000,1,234.35,15,1,233.52,3,2,234.59,3,1,233.4,1000,1,234.6,100,1,233.0,216,5,234.8,2000,2,232.95,102,2,234.99,271,1,232.91,30,1,235.0,1000,1,232.85,10,1,235.4,1000,1,232.8,10,1,238.0,10,1,168,34,109,XNAS,AAPL,350012,USD,PRE_OPEN,0,332255,1
109,2025-09-10,2025-09-10 08:00:06.090799,2025-09-10 04:00:06.090799,2025-09-10 08:00:06.090799182,-14400,234.0,22,1,234.21,7,1,233.88,100,1,234.3,50,1,233.6,2000,1,234.35,15,1,233.52,3,2,234.59,3,1,233.4,1000,1,234.6,100,1,233.0,216,5,234.8,2000,2,232.95,102,2,234.99,271,1,232.91,30,1,235.0,2000,2,232.85,10,1,235.4,1000,1,232.8,10,1,238.0,10,1,168,34,110,XNAS,AAPL,350012,USD,PRE_OPEN,0,332306,1
110,2025-09-10,2025-09-10 08:00:06.090849,2025-09-10 04:00:06.090849,2025-09-10 08:00:06.090849359,-14400,234.0,22,1,234.21,7,1,233.88,100,1,234.3,50,1,233.6,2000,1,234.35,15,1,233.52,3,2,234.59,3,1,233.4,1000,1,234.6,100,1,233.0,216,5,234.8,2000,2,232.95,102,2,234.99,271,1,232.91,30,1,235.0,2000,2,232.85,10,1,238.0,10,1,232.8,10,1,238.29,10,1,169,33,111,XNAS,AAPL,350012,USD,PRE_OPEN,0,332309,1
111,2025-09-10,2025-09-10 08:00:06.101201,2025-09-10 04:00:06.101201,2025-09-10 08:00:06.101201477,-14400,234.0,22,1,234.21,7,1,233.88,100,1,234.3,50,1,233.6,2000,1,234.35,15,1,233.52,3,2,234.59,3,1,233.4,1000,1,234.6,100,1,233.0,216,5,234.8,2000,2,232.95,102,2,234.99,271,1,232.91,30,1,235.0,2000,2,232.85,10,1,235.6,1000,1,232.8,10,1,238.0,10,1,168,34,112,XNAS,AAPL,350012,USD,PRE_OPEN,0,332362,1
112,2025-09-10,2025-09-10 08:00:06.160176,2025-09-10 04:00:06.160176,2025-09-10 08:00:06.160176157,-14400,234.0,22,1,234.21,7,1,233.88,100,1,234.3,50,1,233.6,2000,1,234.35,15,1,233.52,3,2,234.59,3,1,233.4,1000,1,234.6,100,1,233.0,216,5,234.8,2000,2,232.95,102,2,234.99,271,1,232.91,30,1,235.0,2000,2,232.85,10,1,238.0,10,1,232.8,10,1,238.29,10,1,168,33,113,XNAS,AAPL,350012,USD,PRE_OPEN,0,332786,1
113,2025-09-10,2025-09-10 08:00:06.171297,2025-09-10 04:00:06.171297,2025-09-10 08:00:06.171297063,-14400,234.0,22,1,234.21,7,1,233.88,100,1,234.3,50,1,233.6,2000,1,234.35,15,1,233.52,3,2,234.59,3,1,233.4,1000,1,234.6,100,1,233.0,216,5,234.8,2000,2,232.95,102,2,234.99,271,1,232.91,30,1,235.0,2000,2,232.85,10,1,235.8,1000,1,232.8,10,1,238.0,10,1,168,34,114,XNAS,AAPL,350012,USD,PRE_OPEN,0,332836,1
114,2025-09-10,2025-09-10 08:00:06.444068,2025-09-10 04:00:06.444068,2025-09-10 08:00:06.444068703,-14400,234.0,22,1,234.21,7,1,233.88,100,1,234.3,50,1,233.6,2000,1,234.35,15,1,233.52,3,2,234.59,3,1,233.4,1000,1,234.6,100,1,233.0,216,5,234.8,2000,2,232.95,102,2,234.99,271,1,232.91,30,1,235.0,2000,2,232.85,10,1,235.6,1000,1,232.8,10,1,235.8,1000,1,168,35,115,XNAS,AAPL,350012,USD,PRE_OPEN,0,334292,1
115,2025-09-10,2025-09-10 08:00:06.444094,2025-09-10 04:00:06.444094,2025-09-10 08:00:06.444094807,-14400,234.0,22,1,234.21,7,1,233.88,100,1,234.3,50,1,233.6,2000,1,234.35,15,1,233.52,3,2,234.59,3,1,233.4,1000,1,234.6,100,1,233.0,216,5,234.8,2000,2,232.95,102,2,234.99,271,1,232.91,30,1,235.0,2000,2,232.85,10,1,235.6,1000,1,232.8,10,1,238.0,10,1,168,34,116,XNAS,AAPL,350012,USD,PRE_OPEN,0,334293,1
116,2025-09-10,2025-09-10 08:00:06.544786,2025-09-10 04:00:06.544786,2025-09-10 08:00:06.544786468,-14400,234.0,22,1,234.21,7,1,233.88,100,1,234.3,50,1,233.6,2000,1,234.35,15,1,233.52,3,2,234.59,3,1,233.4,1000,1,234.6,100,1,233.0,1216,6,234.8,2000,2,232.95,102,2,234.99,271,1,232.91,30,1,235.0,2000,2,232.85,10,1,235.6,1000,1,232.8,10,1,238.0,10,1,176,34,117,XNAS,AAPL,350012,USD,PRE_OPEN,0,334866,1
117,2025-09-10,2025-09-10 08:00:06.544787,2025-09-10 04:00:06.544787,2025-09-10 08:00:06.544787580,-14400,234.0,22,1,234.21,7,1,233.88,100,1,234.3,50,1,233.6,2000,1,234.35,15,1,233.52,3,2,234.59,3,1,233.4,1000,1,234.6,100,1,233.0,1216,6,234.8,2000,2,232.95,102,2,234.99,271,1,232.91,30,1,235.0,2000,2,232.85,10,1,235.4,1000,1,232.8,10,1,235.6,1000,1,176,35,118,XNAS,AAPL,350012,USD,PRE_OPEN,0,334867,1
118,2025-09-10,2025-09-10 08:00:06.800287,2025-09-10 04:00:06.800287,2025-09-10 08:00:06.800287003,-14400,234.0,23,2,234.21,7,1,233.88,100,1,234.3,50,1,233.6,2000,1,234.35,15,1,233.52,3,2,234.59,3,1,233.4,1000,1,234.6,100,1,233.0,1216,6,234.8,2000,2,232.95,102,2,234.99,271,1,232.91,30,1,235.0,2000,2,232.85,10,1,235.4,1000,1,232.8,10,1,235.6,1000,1,184,35,119,XNAS,AAPL,350012,USD,PRE_OPEN,0,336046,1
119,2025-09-10,2025-09-10 08:00:07.034027,2025-09-10 04:00:07.034027,2025-09-10 08:00:07.034027128,-14400,234.0,23,2,234.21,7,1,233.88,100,1,234.3,50,1,233.6,2000,1,234.35,15,1,233.52,3,2,234.59,3,1,233.4,1000,1,234.6,100,1,233.0,1216,6,234.8,2000,2,232.95,102,2,234.95,2,1,232.91,30,1,234.99,271,1,232.85,10,1,235.0,2000,2,232.8,10,1,235.4,1000,1,188,37,120,XNAS,AAPL,350012,USD,PRE_OPEN,0,337443,1
120,2025-09-10,2025-09-10 08:00:07.333179,2025-09-10 04:00:07.333179,2025-09-10 08:00:07.333179415,-14400,234.0,23,2,234.21,7,1,233.6,2000,1,234.3,50,1,233.52,3,2,234.35,15,1,233.4,1000,1,234.59,3,1,233.0,1216,6,234.6,100,1,232.95,102,2,234.8,2000,2,232.91,30,1,234.95,2,1,232.85,10,1,234.99,271,1,232.8,10,1,235.0,2000,2,232.71,1,1,235.4,1000,1,188,37,121,XNAS,AAPL,350012,USD,PRE_OPEN,0,338902,1
121,2025-09-10,2025-09-10 08:00:07.333283,2025-09-10 04:00:07.333283,2025-09-10 08:00:07.333283302,-14400,234.0,23,2,234.21,7,1,233.6,1000,1,234.3,50,1,233.52,3,2,234.35,15,1,233.4,1000,1,234.59,3,1,233.0,1216,6,234.6,100,1,232.95,102,2,234.8,2000,2,232.91,30,1,234.95,2,1,232.85,10,1,234.99,271,1,232.8,10,1,235.0,2000,2,232.71,1,1,235.4,1000,1,188,37,122,XNAS,AAPL,350012,USD,PRE_OPEN,0,338906,1
122,2025-09-10,2025-09-10 08:00:07.333469,2025-09-10 04:00:07.333469,2025-09-10 08:00:07.333469700,-14400,234.0,23,2,234.21,7,1,233.6,1000,1,234.3,50,1,233.52,3,2,234.35,15,1,233.0,1216,6,234.59,3,1,232.95,102,2,234.6,100,1,232.91,30,1,234.8,2000,2,232.85,10,1,234.95,2,1,232.8,10,1,234.99,271,1,232.71,1,1,235.0,2000,2,232.69,1,1,235.4,1000,1,187,37,123,XNAS,AAPL,350012,USD,PRE_OPEN,0,338909,1
123,2025-09-10,2025-09-10 08:00:07.333709,2025-09-10 04:00:07.333709,2025-09-10 08:00:07.333709366,-14400,234.0,23,2,234.21,7,1,233.52,3,2,234.3,50,1,233.0,1216,6,234.35,15,1,232.95,102,2,234.59,3,1,232.91,30,1,234.6,100,1,232.85,10,1,234.8,2000,2,232.8,10,1,234.95,2,1,232.71,1,1,234.99,271,1,232.69,1,1,235.0,2000,2,232.6,1000,1,235.4,1000,1,186,37,124,XNAS,AAPL,350012,USD,PRE_OPEN,0,338912,1
124,2025-09-10,2025-09-10 08:00:07.344077,2025-09-10 04:00:07.344077,2025-09-10 08:00:07.344077561,-14400,234.0,23,2,234.21,7,1,233.6,1000,1,234.3,50,1,233.52,3,2,234.35,15,1,233.0,1216,6,234.59,3,1,232.95,102,2,234.6,100,1,232.91,30,1,234.8,2000,2,232.85,10,1,234.95,2,1,232.8,10,1,234.99,271,1,232.71,1,1,235.0,2000,2,232.69,1,1,235.4,1000,1,187,37,125,XNAS,AAPL,350012,USD,PRE_OPEN,0,338995,1
125,2025-09-10,2025-09-10 08:00:07.347164,2025-09-10 04:00:07.347164,2025-09-10 08:00:07.347164022,-14400,234.0,23,2,234.21,7,1,233.6,1000,1,234.3,50,1,233.52,3,2,234.35,15,1,233.0,1216,6,234.59,3,1,232.95,102,2,234.6,100,1,232.91,30,1,234.8,2000,2,232.85,10,1,234.95,2,1,232.8,10,1,234.99,271,1,232.71,1,1,235.0,2000,2,232.69,1,1,235.2,1000,1,187,38,126,XNAS,AAPL,350012,USD,PRE_OPEN,0,339011,1
126,2025-09-10,2025-09-10 08:00:07.354159,2025-09-10 04:00:07.354159,2025-09-10 08:00:07.354159321,-14400,234.0,23,2,234.21,7,1,233.6,1000,1,234.3,50,1,233.52,3,2,234.35,15,1,233.4,1000,1,234.59,3,1,233.0,1216,6,234.6,100,1,232.95,102,2,234.8,2000,2,232.91,30,1,234.95,2,1,232.85,10,1,234.99,271,1,232.8,10,1,235.0,2000,2,232.71,1,1,235.2,1000,1,188,38,127,XNAS,AAPL,350012,USD,PRE_OPEN,0,339024,1
127,2025-09-10,2025-09-10 08:00:07.364944,2025-09-10 04:00:07.364944,2025-09-10 08:00:07.364944755,-14400,234.0,23,2,234.21,7,1,233.6,1000,1,234.3,50,1,233.52,3,2,234.35,15,1,233.4,1000,1,234.59,3,1,233.2,1000,1,234.6,100,1,233.0,1216,6,234.8,2000,2,232.95,102,2,234.95,2,1,232.91,30,1,234.99,271,1,232.85,10,1,235.0,2000,2,232.8,10,1,235.2,1000,1,189,38,128,XNAS,AAPL,350012,USD,PRE_OPEN,0,339048,1
128,2025-09-10,2025-09-10 08:00:07.441432,2025-09-10 04:00:07.441432,2025-09-10 08:00:07.441432391,-14400,234.0,23,2,234.21,7,1,233.88,100,1,234.3,50,1,233.6,1000,1,234.35,15,1,233.52,3,2,234.59,3,1,233.4,1000,1,234.6,100,1,233.2,1000,1,234.8,2000,2,233.0,1216,6,234.95,2,1,232.95,102,2,234.99,271,1,232.91,30,1,235.0,2000,2,232.85,10,1,235.2,1000,1,190,38,129,XNAS,AAPL,350012,USD,PRE_OPEN,0,339311,1
129,2025-09-10,2025-09-10 08:00:07.660111,2025-09-10 04:00:07.660111,2025-09-10 08:00:07.660111078,-14400,234.0,23,2,234.21,7,1,233.88,100,1,234.3,50,1,233.6,1000,1,234.35,15,1,233.54,3,1,234.59,3,1,233.52,3,2,234.6,100,1,233.4,1000,1,234.8,2000,2,233.2,1000,1,234.95,2,1,233.0,1216,6,234.99,271,1,232.95,102,2,235.0,2000,2,232.91,30,1,235.2,1000,1,191,38,130,XNAS,AAPL,350012,USD,PRE_OPEN,0,340370,1
130,2025-09-10,2025-09-10 08:00:07.680464,2025-09-10 04:00:07.680464,2025-09-10 08:00:07.680464158,-14400,234.0,23,2,234.21,7,1,233.88,100,1,234.3,50,1,233.6,2000,2,234.35,15,1,233.54,3,1,234.59,3,1,233.52,3,2,234.6,100,1,233.4,1000,1,234.8,2000,2,233.2,1000,1,234.95,2,1,233.0,1216,6,234.99,271,1,232.95,102,2,235.0,2000,2,232.91,30,1,235.2,1000,1,191,38,131,XNAS,AAPL,350012,USD,PRE_OPEN,0,340443,1
131,2025-09-10,2025-09-10 08:00:08.707769,2025-09-10 04:00:08.707769,2025-09-10 08:00:08.707769015,-14400,234.0,23,2,234.21,7,1,233.88,100,1,234.3,50,1,233.6,2000,2,234.35,15,1,233.54,3,1,234.59,3,1,233.52,3,2,234.6,100,1,233.4,1000,1,234.8,2000,2,233.2,1000,1,234.95,2,1,233.0,1217,7,234.99,271,1,232.95,102,2,235.0,2000,2,232.91,30,1,235.2,1000,1,193,38,132,XNAS,AAPL,350012,USD,PRE_OPEN,0,344160,1
132,2025-09-10,2025-09-10 08:00:09.710383,2025-09-10 04:00:09.710383,2025-09-10 08:00:09.710383514,-14400,234.0,23,2,234.21,7,1,233.88,100,1,234.3,50,1,233.6,2000,2,234.35,15,1,233.54,3,1,234.48,100,1,233.52,3,2,234.59,3,1,233.4,1000,1,234.8,2000,2,233.2,1000,1,234.95,2,1,233.0,1217,7,234.99,271,1,232.95,102,2,235.0,2000,2,232.91,30,1,235.2,1000,1,193,38,133,XNAS,AAPL,350012,USD,PRE_OPEN,0,346813,1
133,2025-09-10,2025-09-10 08:00:10.807612,2025-09-10 04:00:10.807612,2025-09-10 08:00:10.807612167,-14400,234.0,23,2,234.21,7,1,233.88,100,1,234.3,50,1,233.6,2000,2,234.35,15,1,233.54,3,1,234.48,100,1,233.52,3,2,234.59,3,1,233.4,1000,1,234.8,2000,2,233.2,1000,1,234.95,2,1,233.0,1217,7,234.99,271,1,232.95,102,2,235.0,2000,2,232.91,30,1,235.14,200,1,194,71,134,XNAS,AAPL,350012,USD,PRE_OPEN,0,349733,1
134,2025-09-10,2025-09-10 08:00:11.256771,2025-09-10 04:00:11.256771,2025-09-10 08:00:11.256771336,-14400,234.0,23,2,234.21,7,1,233.88,100,1,234.3,50,1,233.6,2000,2,234.35,15,1,233.54,3,1,234.48,100,1,233.52,3,2,234.59,3,1,233.4,2000,2,234.8,2000,2,233.2,1000,1,234.95,2,1,233.0,1217,7,234.99,271,1,232.95,102,2,235.0,2000,2,232.91,30,1,235.14,200,1,194,100,135,XNAS,AAPL,350012,USD,PRE_OPEN,0,351339,1
135,2025-09-10,2025-09-10 08:00:11.256824,2025-09-10 04:00:11.256824,2025-09-10 08:00:11.256824062,-14400,234.0,23,2,234.21,7,1,233.88,100,1,234.3,50,1,233.6,2000,2,234.35,15,1,233.54,3,1,234.48,100,1,233.52,3,2,234.59,3,1,233.4,2000,2,234.8,2000,2,233.0,1217,7,234.95,2,1,232.95,102,2,234.99,271,1,232.91,30,1,235.0,2000,2,232.85,10,1,235.14,200,1,193,100,136,XNAS,AAPL,350012,USD,PRE_OPEN,0,351340,1
136,2025-09-10,2025-09-10 08:00:11.650125,2025-09-10 04:00:11.650125,2025-09-10 08:00:11.650125851,-14400,234.0,23,2,234.21,7,1,233.88,100,1,234.3,50,1,233.8,50,1,234.35,15,1,233.6,2000,2,234.48,100,1,233.54,3,1,234.59,3,1,233.52,3,2,234.8,2000,2,233.4,2000,2,234.95,2,1,233.0,1217,7,234.99,271,1,232.95,102,2,235.0,2000,2,232.91,30,1,235.14,200,1,194,118,137,XNAS,AAPL,350012,USD,PRE_OPEN,0,352880,1
137,2025-09-10,2025-09-10 08:00:11.650686,2025-09-10 04:00:11.650686,2025-09-10 08:00:11.650686132,-14400,234.0,23,2,234.21,7,1,233.88,100,1,234.3,50,1,233.8,50,1,234.35,15,1,233.6,2000,2,234.48,100,1,233.54,3,1,234.59,3,1,233.52,3,2,234.8,2000,2,233.4,2000,2,234.95,2,1,233.0,1217,7,234.99,371,2,232.95,102,2,235.0,2000,2,232.91,30,1,235.14,200,1,194,118,138,XNAS,AAPL,350012,USD,PRE_OPEN,0,352883,1
138,2025-09-10,2025-09-10 08:00:11.755885,2025-09-10 04:00:11.755885,2025-09-10 08:00:11.755885214,-14400,234.0,23,2,234.21,7,1,233.88,100,1,234.3,50,1,233.8,50,1,234.35,15,1,233.6,2000,2,234.48,100,1,233.54,6,2,234.59,3,1,233.52,3,2,234.8,2000,2,233.4,2000,2,234.95,2,1,233.0,1217,7,234.99,371,2,232.95,102,2,235.0,2000,2,232.91,30,1,235.14,200,1,194,123,139,XNAS,AAPL,350012,USD,PRE_OPEN,0,353371,1
139,2025-09-10,2025-09-10 08:00:13.045899,2025-09-10 04:00:13.045899,2025-09-10 08:00:13.045899634,-14400,234.0,23,2,234.21,7,1,233.88,100,1,234.3,50,1,233.8,50,1,234.35,15,1,233.6,2000,2,234.48,100,1,233.54,6,2,234.59,3,1,233.52,3,2,234.8,2000,2,233.4,2000,2,234.95,2,1,233.0,1217,7,234.99,371,2,232.95,102,2,235.0,2025,3,232.91,30,1,235.14,200,1,194,151,140,XNAS,AAPL,350012,USD,PRE_OPEN,0,358942,1
140,2025-09-10,2025-09-10 08:00:13.429907,2025-09-10 04:00:13.429907,2025-09-10 08:00:13.429907368,-14400,234.0,23,2,234.21,7,1,233.88,100,1,234.3,50,1,233.8,50,1,234.35,15,1,233.6,2000,2,234.48,100,1,233.54,6,2,234.59,3,1,233.52,3,2,234.8,2000,2,233.4,2000,2,234.95,2,1,233.0,1217,7,234.99,371,2,232.95,102,2,235.0,2026,4,232.91,30,1,235.14,200,1,194,154,141,XNAS,AAPL,350012,USD,PRE_OPEN,0,360168,1
141,2025-09-10,2025-09-10 08:00:14.129964,2025-09-10 04:00:14.129964,2025-09-10 08:00:14.129964951,-14400,234.0,23,2,234.21,7,1,233.88,100,1,234.3,50,1,233.8,50,1,234.35,15,1,233.6,2000,2,234.4,8,1,233.54,6,2,234.48,100,1,233.52,3,2,234.59,3,1,233.4,2000,2,234.8,2000,2,233.0,1217,7,234.95,2,1,232.95,102,2,234.99,371,2,232.91,30,1,235.0,2026,4,194,158,142,XNAS,AAPL,350012,USD,PRE_OPEN,0,362469,1
142,2025-09-10,2025-09-10 08:00:14.272706,2025-09-10 04:00:14.272706,2025-09-10 08:00:14.272706753,-14400,234.0,23,2,234.21,7,1,233.88,100,1,234.3,50,1,233.8,50,1,234.35,15,1,233.6,2000,2,234.4,8,1,233.54,7,3,234.48,100,1,233.52,3,2,234.59,3,1,233.4,2000,2,234.8,2000,2,233.0,1217,7,234.95,2,1,232.95,102,2,234.99,371,2,232.91,30,1,235.0,2026,4,194,160,143,XNAS,AAPL,350012,USD,PRE_OPEN,0,362705,1
143,2025-09-10,2025-09-10 08:00:14.975967,2025-09-10 04:00:14.975967,2025-09-10 08:00:14.975967468,-14400,234.0,23,2,234.21,7,1,233.88,100,1,234.3,50,1,233.8,50,1,234.35,15,1,233.6,2000,2,234.4,8,1,233.54,7,3,234.48,100,1,233.52,3,2,234.59,3,1,233.4,2000,2,234.8,2000,2,233.0,1217,7,234.95,2,1,232.95,102,2,234.99,371,2,232.91,30,1,235.0,2036,5,194,164,144,XNAS,AAPL,350012,USD,PRE_OPEN,0,364832,1
144,2025-09-10,2025-09-10 08:00:16.715796,2025-09-10 04:00:16.715796,2025-09-10 08:00:16.715796107,-14400,234.0,23,2,234.21,7,1,233.88,100,1,234.3,50,1,233.8,50,1,234.35,15,1,233.6,2000,2,234.4,8,1,233.54,7,3,234.48,100,1,233.52,3,2,234.59,3,1,233.4,2000,2,234.8,2000,2,233.0,1217,7,234.95,2,1,232.95,102,2,234.99,371,2,232.91,30,1,235.0,2051,6,197,164,145,XNAS,AAPL,350012,USD,PRE_OPEN,0,369792,1
145,2025-09-10,2025-09-10 08:00:19.078341,2025-09-10 04:00:19.078341,2025-09-10 08:00:19.078341672,-14400,234.0,23,2,234.21,7,1,233.88,100,1,234.3,50,1,233.8,50,1,234.35,15,1,233.6,2000,2,234.4,8,1,233.54,7,3,234.48,100,1,233.52,3,2,234.59,3,1,233.4,2000,2,234.8,2000,2,233.0,1217,7,234.95,2,1,232.97,2,1,234.99,371,2,232.95,102,2,235.0,2051,6,202,166,146,XNAS,AAPL,350012,USD,PRE_OPEN,0,375652,1
146,2025-09-10,2025-09-10 08:00:19.327259,2025-09-10 04:00:19.327259,2025-09-10 08:00:19.327259080,-14400,234.0,23,2,234.21,7,1,233.88,100,1,234.3,50,1,233.8,50,1,234.35,15,1,233.6,2000,2,234.4,8,1,233.54,7,3,234.48,100,1,233.52,3,2,234.59,3,1,233.4,2000,2,234.8,2000,2,233.0,1217,7,234.95,2,1,232.99,1,1,234.99,371,2,232.97,2,1,235.0,2051,6,203,166,147,XNAS,AAPL,350012,USD,PRE_OPEN,0,376055,1
147,2025-09-10,2025-09-10 08:00:20.435580,2025-09-10 04:00:20.435580,2025-09-10 08:00:20.435580178,-14400,234.0,23,2,234.21,7,1,233.88,100,1,234.3,50,1,233.8,50,1,234.35,15,1,233.6,2000,2,234.4,8,1,233.54,7,3,234.48,100,1,233.52,3,2,234.59,3,1,233.4,2000,2,234.6,2000,1,233.0,1217,7,234.8,2000,2,232.99,1,1,234.95,2,1,232.97,2,1,234.99,371,2,204,168,148,XNAS,AAPL,350012,USD,PRE_OPEN,0,378182,1
148,2025-09-10,2025-09-10 08:00:21.526095,2025-09-10 04:00:21.526095,2025-09-10 08:00:21.526095664,-14400,234.0,23,2,234.21,7,1,233.88,100,1,234.3,50,1,233.8,50,1,234.35,15,1,233.6,2000,2,234.4,8,1,233.54,7,3,234.48,100,1,233.53,5,1,234.59,3,1,233.52,3,2,234.6,2000,1,233.4,2000,2,234.8,2000,2,233.0,1217,7,234.95,2,1,232.99,1,1,234.99,371,2,205,167,149,XNAS,AAPL,350012,USD,PRE_OPEN,0,380997,1
149,2025-09-10,2025-09-10 08:00:24.685925,2025-09-10 04:00:24.685925,2025-09-10 08:00:24.685925276,-14400,234.0,23,2,234.21,7,1,233.88,100,1,234.22,4,1,233.8,50,1,234.3,50,1,233.6,2000,2,234.35,15,1,233.54,7,3,234.4,8,1,233.53,5,1,234.48,100,1,233.52,3,2,234.59,3,1,233.4,2000,2,234.6,2000,1,233.0,1217,7,234.8,2000,2,232.99,1,1,234.95,2,1,208,169,150,XNAS,AAPL,350012,USD,PRE_OPEN,0,388082,1
150,2025-09-10,2025-09-10 08:00:24.688048,2025-09-10 04:00:24.688048,2025-09-10 08:00:24.688048305,-14400,234.0,23,2,234.21,7,1,233.88,100,1,234.22,4,1,233.8,50,1,234.3,50,1,233.6,2000,2,234.35,15,1,233.54,7,3,234.4,8,1,233.53,5,1,234.48,100,1,233.52,3,2,234.53,4,1,233.4,2000,2,234.59,3,1,233.0,1217,7,234.6,2000,1,232.99,1,1,234.8,2000,2,210,170,151,XNAS,AAPL,350012,USD,PRE_OPEN,0,388100,1
151,2025-09-10,2025-09-10 08:00:25.107161,2025-09-10 04:00:25.107161,2025-09-10 08:00:25.107161655,-14400,234.0,23,2,234.21,7,1,233.88,100,1,234.22,4,1,233.8,50,1,234.3,50,1,233.6,2000,2,234.35,15,1,233.54,7,3,234.4,8,1,233.53,5,1,234.48,100,1,233.52,3,2,234.53,4,1,233.4,2000,2,234.59,3,1,233.2,1000,1,234.6,2000,1,233.0,1217,7,234.8,2000,2,211,170,152,XNAS,AAPL,350012,USD,PRE_OPEN,0,389766,1
152,2025-09-10,2025-09-10 08:00:25.107211,2025-09-10 04:00:25.107211,2025-09-10 08:00:25.107211881,-14400,234.0,23,2,234.21,7,1,233.88,100,1,234.22,4,1,233.8,50,1,234.3,50,1,233.6,2000,2,234.35,15,1,233.54,7,3,234.4,8,1,233.53,5,1,234.48,100,1,233.52,3,2,234.53,4,1,233.4,2000,2,234.59,3,1,233.2,1000,1,234.6,2000,1,233.0,217,6,234.8,2000,2,211,170,153,XNAS,AAPL,350012,USD,PRE_OPEN,0,389767,1
153,2025-09-10,2025-09-10 08:00:25.266711,2025-09-10 04:00:25.266711,2025-09-10 08:00:25.266711888,-14400,234.0,23,2,234.21,7,1,233.88,100,1,234.22,4,1,233.8,50,1,234.3,50,1,233.6,2000,2,234.35,15,1,233.54,7,3,234.4,8,1,233.53,5,1,234.48,100,1,233.52,3,2,234.53,4,1,233.5,3,1,234.59,3,1,233.4,2000,2,234.6,2000,1,233.2,1000,1,234.8,2000,2,212,170,154,XNAS,AAPL,350012,USD,PRE_OPEN,0,390319,1
154,2025-09-10,2025-09-10 08:00:25.594472,2025-09-10 04:00:25.594472,2025-09-10 08:00:25.594472308,-14400,234.0,23,2,234.21,7,1,233.88,100,1,234.22,4,1,233.8,50,1,234.3,50,1,233.6,2000,2,234.35,15,1,233.54,7,3,234.4,8,1,233.53,5,1,234.48,100,1,233.52,3,2,234.53,4,1,233.5,3,1,234.59,3,1,233.4,2000,2,234.6,2000,1,233.2,1000,1,234.7,18,1,213,171,155,XNAS,AAPL,350012,USD,PRE_OPEN,0,391026,1
155,2025-09-10,2025-09-10 08:00:25.594530,2025-09-10 04:00:25.594530,2025-09-10 08:00:25.594530276,-14400,234.0,24,3,234.21,7,1,233.88,100,1,234.22,4,1,233.8,50,1,234.3,50,1,233.6,2000,2,234.35,15,1,233.54,7,3,234.4,8,1,233.53,5,1,234.48,100,1,233.52,3,2,234.53,4,1,233.5,3,1,234.59,3,1,233.4,2000,2,234.6,2000,1,233.2,1000,1,234.7,18,1,213,171,156,XNAS,AAPL,350012,USD,PRE_OPEN,0,391027,1
156,2025-09-10,2025-09-10 08:00:25.594590,2025-09-10 04:00:25.594590,2025-09-10 08:00:25.594590788,-14400,234.0,24,3,234.21,7,1,233.88,100,1,234.22,4,1,233.8,50,1,234.3,50,1,233.6,2000,2,234.35,22,2,233.54,7,3,234.4,8,1,233.53,5,1,234.48,100,1,233.52,3,2,234.53,4,1,233.5,3,1,234.59,3,1,233.4,2000,2,234.6,2000,1,233.2,1000,1,234.7,18,1,213,171,157,XNAS,AAPL,350012,USD,PRE_OPEN,0,391029,1
157,2025-09-10,2025-09-10 08:00:25.829384,2025-09-10 04:00:25.829384,2025-09-10 08:00:25.829384844,-14400,234.0,24,3,234.21,7,1,233.9,15,1,234.22,4,1,233.88,100,1,234.3,50,1,233.8,50,1,234.35,22,2,233.6,2000,2,234.4,8,1,233.54,7,3,234.48,100,1,233.53,5,1,234.53,4,1,233.52,3,2,234.59,3,1,233.5,3,1,234.6,2000,1,233.4,2000,2,234.7,18,1,214,171,158,XNAS,AAPL,350012,USD,PRE_OPEN,0,392075,1
158,2025-09-10,2025-09-10 08:00:26.296605,2025-09-10 04:00:26.296605,2025-09-10 08:00:26.296605175,-14400,234.0,24,3,234.21,7,1,233.9,15,1,234.22,4,1,233.88,100,1,234.3,50,1,233.8,50,1,234.35,22,2,233.6,2000,2,234.4,8,1,233.54,7,3,234.48,100,1,233.53,5,1,234.53,4,1,233.52,3,2,234.59,3,1,233.5,3,1,234.6,1000,1,233.4,2000,2,234.7,18,1,214,171,159,XNAS,AAPL,350012,USD,PRE_OPEN,0,393244,1
159,2025-09-10,2025-09-10 08:00:26.311601,2025-09-10 04:00:26.311601,2025-09-10 08:00:26.311601317,-14400,234.0,24,3,234.21,7,1,233.9,15,1,234.22,4,1,233.88,100,1,234.3,50,1,233.8,50,1,234.35,22,2,233.6,2000,2,234.4,8,1,233.54,7,3,234.48,100,1,233.53,5,1,234.53,4,1,233.52,3,2,234.59,3,1,233.5,3,1,234.6,2000,2,233.4,2000,2,234.7,18,1,214,171,160,XNAS,AAPL,350012,USD,PRE_OPEN,0,393322,1
160,2025-09-10,2025-09-10 08:00:26.445238,2025-09-10 04:00:26.445238,2025-09-10 08:00:26.445238472,-14400,234.0,24,3,234.21,7,1,233.9,15,1,234.22,4,1,233.8,50,1,234.3,50,1,233.6,2000,2,234.35,22,2,233.54,7,3,234.4,8,1,233.53,5,1,234.48,100,1,233.52,3,2,234.53,4,1,233.5,3,1,234.59,3,1,233.4,2000,2,234.6,2000,2,233.0,1217,7,234.7,18,1,212,172,161,XNAS,AAPL,350012,USD,PRE_OPEN,0,393489,1
161,2025-09-10,2025-09-10 08:00:26.455661,2025-09-10 04:00:26.455661,2025-09-10 08:00:26.455661796,-14400,234.0,24,3,234.21,7,1,233.9,15,1,234.22,4,1,233.8,50,1,234.3,50,1,233.6,2000,2,234.35,22,2,233.54,7,3,234.4,8,1,233.53,5,1,234.48,100,1,233.52,3,2,234.53,4,1,233.5,3,1,234.59,3,1,233.4,2000,2,234.6,2000,2,233.2,1000,1,234.7,18,1,213,172,162,XNAS,AAPL,350012,USD,PRE_OPEN,0,393516,1
162,2025-09-10,2025-09-10 08:00:26.484070,2025-09-10 04:00:26.484070,2025-09-10 08:00:26.484070723,-14400,234.0,24,3,234.21,7,1,233.9,15,1,234.22,4,1,233.8,50,1,234.3,50,1,233.76,100,1,234.35,22,2,233.6,2000,2,234.4,8,1,233.54,7,3,234.48,100,1,233.53,5,1,234.53,4,1,233.52,3,2,234.59,3,1,233.5,3,1,234.6,2000,2,233.4,2000,2,234.7,18,1,214,172,163,XNAS,AAPL,350012,USD,PRE_OPEN,0,393642,1
163,2025-09-10,2025-09-10 08:00:26.514789,2025-09-10 04:00:26.514789,2025-09-10 08:00:26.514789936,-14400,234.0,24,3,234.21,7,1,233.9,15,1,234.22,4,1,233.8,50,1,234.3,50,1,233.6,2000,2,234.35,22,2,233.54,7,3,234.4,8,1,233.53,5,1,234.48,100,1,233.52,3,2,234.53,4,1,233.5,3,1,234.59,3,1,233.4,2000,2,234.6,2000,2,233.2,1000,1,234.7,18,1,213,172,164,XNAS,AAPL,350012,USD,PRE_OPEN,0,393688,1
164,2025-09-10,2025-09-10 08:00:26.534100,2025-09-10 04:00:26.534100,2025-09-10 08:00:26.534100868,-14400,234.0,24,3,234.21,7,1,233.9,15,1,234.22,4,1,233.8,50,1,234.3,50,1,233.76,100,1,234.35,22,2,233.6,2000,2,234.4,8,1,233.54,7,3,234.48,100,1,233.53,5,1,234.53,4,1,233.52,3,2,234.59,3,1,233.5,3,1,234.6,2000,2,233.4,2000,2,234.7,18,1,214,172,165,XNAS,AAPL,350012,USD,PRE_OPEN,0,393794,1
165,2025-09-10,2025-09-10 08:00:26.650976,2025-09-10 04:00:26.650976,2025-09-10 08:00:26.650976584,-14400,234.0,24,3,234.21,7,1,233.9,15,1,234.22,4,1,233.8,50,1,234.3,50,1,233.76,100,1,234.35,22,2,233.6,2000,2,234.4,8,1,233.54,7,3,234.53,4,1,233.53,5,1,234.59,3,1,233.52,3,2,234.6,2000,2,233.5,3,1,234.7,18,1,233.4,2000,2,234.8,2000,2,214,171,166,XNAS,AAPL,350012,USD,PRE_OPEN,0,394132,1
166,2025-09-10,2025-09-10 08:00:26.651131,2025-09-10 04:00:26.651131,2025-09-10 08:00:26.651131735,-14400,234.0,24,3,234.21,7,1,233.9,15,1,234.22,4,1,233.8,50,1,234.3,50,1,233.76,100,1,234.35,22,2,233.6,2000,2,234.4,8,1,233.54,7,3,234.53,4,1,233.53,5,1,234.59,3,1,233.52,3,2,234.6,1000,1,233.5,3,1,234.7,18,1,233.4,2000,2,234.8,2000,2,214,171,167,XNAS,AAPL,350012,USD,PRE_OPEN,0,394133,1
167,2025-09-10,2025-09-10 08:00:26.651311,2025-09-10 04:00:26.651311,2025-09-10 08:00:26.651311147,-14400,234.0,24,3,234.21,7,1,233.9,15,1,234.22,4,1,233.8,50,1,234.3,50,1,233.76,100,1,234.35,22,2,233.6,2000,2,234.4,8,1,233.54,7,3,234.53,4,1,233.53,5,1,234.59,3,1,233.52,3,2,234.6,1000,1,233.5,3,1,234.7,18,1,233.4,2000,2,234.8,1000,1,214,171,168,XNAS,AAPL,350012,USD,PRE_OPEN,0,394134,1
168,2025-09-10,2025-09-10 08:00:26.710146,2025-09-10 04:00:26.710146,2025-09-10 08:00:26.710146293,-14400,234.0,24,3,234.21,7,1,233.9,15,1,234.22,4,1,233.8,50,1,234.3,50,1,233.76,100,1,234.35,22,2,233.6,2000,2,234.4,8,1,233.54,7,3,234.48,100,1,233.53,5,1,234.53,4,1,233.52,3,2,234.59,3,1,233.5,3,1,234.6,1000,1,233.4,2000,2,234.7,18,1,214,172,169,XNAS,AAPL,350012,USD,PRE_OPEN,0,394270,1
169,2025-09-10,2025-09-10 08:00:26.841317,2025-09-10 04:00:26.841317,2025-09-10 08:00:26.841317599,-14400,234.0,2,2,234.21,7,1,233.9,15,1,234.22,4,1,233.8,50,1,234.3,50,1,233.76,100,1,234.35,22,2,233.6,2000,2,234.4,8,1,233.54,7,3,234.48,100,1,233.53,5,1,234.53,4,1,233.52,3,2,234.59,3,1,233.5,3,1,234.6,1000,1,233.4,2000,2,234.7,18,1,214,172,170,XNAS,AAPL,350012,USD,PRE_OPEN,0,394702,1
170,2025-09-10,2025-09-10 08:00:26.841356,2025-09-10 04:00:26.841356,2025-09-10 08:00:26.841356414,-14400,234.06,22,1,234.21,7,1,234.0,2,2,234.22,4,1,233.9,15,1,234.3,50,1,233.8,50,1,234.35,22,2,233.76,100,1,234.4,8,1,233.6,2000,2,234.48,100,1,233.54,7,3,234.53,4,1,233.53,5,1,234.59,3,1,233.52,3,2,234.6,1000,1,233.5,3,1,234.7,18,1,215,172,171,XNAS,AAPL,350012,USD,PRE_OPEN,0,394703,1
171,2025-09-10,2025-09-10 08:00:27.864682,2025-09-10 04:00:27.864682,2025-09-10 08:00:27.864682321,-14400,234.06,22,1,234.21,7,1,234.0,2,2,234.22,4,1,233.9,15,1,234.3,50,1,233.8,50,1,234.35,22,2,233.76,100,1,234.4,8,1,233.6,2000,2,234.48,100,1,233.54,7,3,234.53,4,1,233.53,5,1,234.6,1000,1,233.52,3,2,234.7,18,1,233.5,3,1,234.8,2000,2,215,171,172,XNAS,AAPL,350012,USD,PRE_OPEN,0,396260,1
172,2025-09-10,2025-09-10 08:00:27.868960,2025-09-10 04:00:27.868960,2025-09-10 08:00:27.868960504,-14400,234.06,22,1,234.2,3,1,234.0,2,2,234.21,7,1,233.9,15,1,234.22,4,1,233.8,50,1,234.3,50,1,233.76,100,1,234.35,22,2,233.6,2000,2,234.4,8,1,233.54,7,3,234.48,100,1,233.53,5,1,234.53,4,1,233.52,3,2,234.6,1000,1,233.5,3,1,234.7,18,1,215,172,173,XNAS,AAPL,350012,USD,PRE_OPEN,0,396265,1
173,2025-09-10,2025-09-10 08:00:31.597532,2025-09-10 04:00:31.597532,2025-09-10 08:00:31.597532792,-14400,234.06,22,1,234.17,20,1,234.0,2,2,234.2,3,1,233.9,15,1,234.21,7,1,233.8,50,1,234.22,4,1,233.76,100,1,234.3,50,1,233.6,2000,2,234.35,22,2,233.54,7,3,234.4,8,1,233.53,5,1,234.48,100,1,233.52,3,2,234.53,4,1,233.5,3,1,234.6,1000,1,239,195,174,XNAS,AAPL,350012,USD,PRE_OPEN,0,404504,1
174,2025-09-10,2025-09-10 08:00:32.355727,2025-09-10 04:00:32.355727,2025-09-10 08:00:32.355727738,-14400,234.06,22,1,234.17,20,1,234.0,2,2,234.2,3,1,233.9,15,1,234.21,7,1,233.8,50,1,234.22,4,1,233.76,100,1,234.3,50,1,233.6,2000,2,234.35,22,2,233.54,7,3,234.4,8,1,233.53,5,1,234.48,100,1,233.52,3,2,234.53,4,1,233.5,23,2,234.6,1000,1,241,195,175,XNAS,AAPL,350012,USD,PRE_OPEN,0,405681,1
175,2025-09-10,2025-09-10 08:00:34.997997,2025-09-10 04:00:34.997997,2025-09-10 08:00:34.997997948,-14400,234.06,22,1,234.17,20,1,234.0,2,2,234.2,3,1,233.9,15,1,234.21,7,1,233.8,50,1,234.22,4,1,233.76,100,1,234.3,50,1,233.6,2004,3,234.35,22,2,233.54,7,3,234.4,8,1,233.53,5,1,234.48,100,1,233.52,3,2,234.53,4,1,233.5,23,2,234.6,1000,1,248,198,176,XNAS,AAPL,350012,USD,PRE_OPEN,0,410269,1
176,2025-09-10,2025-09-10 08:00:36.528070,2025-09-10 04:00:36.528070,2025-09-10 08:00:36.528070909,-14400,234.06,22,1,234.17,20,1,234.0,2,2,234.2,3,1,233.9,15,1,234.21,7,1,233.8,50,1,234.22,4,1,233.76,100,1,234.3,50,1,233.6,2004,3,234.35,22,2,233.54,7,3,234.4,8,1,233.53,5,1,234.48,100,1,233.52,3,2,234.53,4,1,233.5,23,2,234.6,2000,2,250,200,177,XNAS,AAPL,350012,USD,PRE_OPEN,0,414086,1
177,2025-09-10,2025-09-10 08:00:37.003287,2025-09-10 04:00:37.003287,2025-09-10 08:00:37.003287363,-14400,234.06,22,1,234.17,48,2,234.0,2,2,234.2,3,1,233.9,15,1,234.21,7,1,233.8,50,1,234.22,4,1,233.76,100,1,234.3,50,1,233.6,2004,3,234.35,22,2,233.54,7,3,234.4,8,1,233.53,5,1,234.48,100,1,233.52,3,2,234.53,4,1,233.5,23,2,234.6,2000,2,252,200,178,XNAS,AAPL,350012,USD,PRE_OPEN,0,415369,1
178,2025-09-10,2025-09-10 08:00:38.200462,2025-09-10 04:00:38.200462,2025-09-10 08:00:38.200462629,-14400,234.0,2,2,234.17,48,2,233.9,15,1,234.2,3,1,233.8,50,1,234.21,7,1,233.76,100,1,234.22,4,1,233.6,2004,3,234.3,50,1,233.54,7,3,234.35,22,2,233.53,5,1,234.4,8,1,233.52,3,2,234.48,100,1,233.5,23,2,234.53,4,1,233.46,1,1,234.6,2000,2,252,200,179,XNAS,AAPL,350012,USD,PRE_OPEN,0,416920,1
179,2025-09-10,2025-09-10 08:00:38.200499,2025-09-10 04:00:38.200499,2025-09-10 08:00:38.200499619,-14400,234.07,22,1,234.17,48,2,234.0,2,2,234.2,3,1,233.9,15,1,234.21,7,1,233.8,50,1,234.22,4,1,233.76,100,1,234.3,50,1,233.6,2004,3,234.35,22,2,233.54,7,3,234.4,8,1,233.53,5,1,234.48,100,1,233.52,3,2,234.53,4,1,233.5,23,2,234.6,2000,2,253,200,180,XNAS,AAPL,350012,USD,PRE_OPEN,0,416921,1
180,2025-09-10,2025-09-10 08:00:39.582240,2025-09-10 04:00:39.582240,2025-09-10 08:00:39.582240380,-14400,234.07,22,1,234.17,28,1,234.0,2,2,234.2,3,1,233.9,15,1,234.21,7,1,233.8,50,1,234.22,4,1,233.76,100,1,234.3,50,1,233.6,2004,3,234.35,22,2,233.54,7,3,234.4,8,1,233.53,5,1,234.48,100,1,233.52,3,2,234.53,4,1,233.5,23,2,234.6,2000,2,254,201,181,XNAS,AAPL,350012,USD,PRE_OPEN,0,419369,1
181,2025-09-10,2025-09-10 08:00:39.582240,2025-09-10 04:00:39.582240,2025-09-10 08:00:39.582240380,-14400,234.07,22,1,234.2,3,1,234.0,2,2,234.21,7,1,233.9,15,1,234.22,4,1,233.8,50,1,234.3,50,1,233.76,100,1,234.35,22,2,233.6,2004,3,234.4,8,1,233.54,7,3,234.48,100,1,233.53,5,1,234.53,4,1,233.52,3,2,234.6,2000,2,233.5,23,2,234.7,18,1,254,200,182,XNAS,AAPL,350012,USD,PRE_OPEN,0,419370,1
182,2025-09-10,2025-09-10 08:00:39.582273,2025-09-10 04:00:39.582273,2025-09-10 08:00:39.582273765,-14400,234.07,22,1,234.21,7,1,234.0,2,2,234.22,4,1,233.9,15,1,234.3,50,1,233.8,50,1,234.35,22,2,233.76,100,1,234.4,8,1,233.6,2004,3,234.48,100,1,233.54,7,3,234.53,4,1,233.53,5,1,234.6,2000,2,233.52,3,2,234.7,18,1,233.5,23,2,234.8,2000,2,254,199,183,XNAS,AAPL,350012,USD,PRE_OPEN,0,419376,1
183,2025-09-10,2025-09-10 08:00:39.582293,2025-09-10 04:00:39.582293,2025-09-10 08:00:39.582293895,-14400,234.07,22,1,234.21,7,1,234.0,2,2,234.22,4,1,233.9,15,1,234.3,50,1,233.8,50,1,234.35,22,2,233.76,100,1,234.4,8,1,233.6,2004,3,234.53,4,1,233.54,7,3,234.6,2000,2,233.53,5,1,234.7,18,1,233.52,3,2,234.8,2000,2,233.5,23,2,234.95,2,1,254,198,184,XNAS,AAPL,350012,USD,PRE_OPEN,0,419380,1
184,2025-09-10,2025-09-10 08:00:39.582532,2025-09-10 04:00:39.582532,2025-09-10 08:00:39.582532804,-14400,234.07,22,1,234.21,7,1,234.0,2,2,234.22,4,1,233.9,15,1,234.3,50,1,233.8,50,1,234.35,22,2,233.76,100,1,234.4,8,1,233.6,2004,3,234.53,4,1,233.54,7,3,234.6,1000,1,233.53,5,1,234.7,18,1,233.52,3,2,234.8,2000,2,233.5,23,2,234.95,2,1,254,198,185,XNAS,AAPL,350012,USD,PRE_OPEN,0,419386,1
185,2025-09-10,2025-09-10 08:00:39.582534,2025-09-10 04:00:39.582534,2025-09-10 08:00:39.582534337,-14400,234.07,22,1,234.21,7,1,234.0,2,2,234.22,4,1,233.9,15,1,234.3,50,1,233.8,50,1,234.35,22,2,233.76,100,1,234.4,8,1,233.6,2004,3,234.53,4,1,233.54,7,3,234.6,1000,1,233.53,5,1,234.7,18,1,233.52,3,2,234.8,1000,1,233.5,23,2,234.95,2,1,254,198,186,XNAS,AAPL,350012,USD,PRE_OPEN,0,419387,1
186,2025-09-10,2025-09-10 08:00:39.643758,2025-09-10 04:00:39.643758,2025-09-10 08:00:39.643758255,-14400,234.07,22,1,234.21,7,1,234.0,2,2,234.22,4,1,233.9,15,1,234.3,50,1,233.8,50,1,234.35,22,2,233.76,100,1,234.4,8,1,233.6,2004,3,234.53,4,1,233.54,7,3,234.6,1000,1,233.53,5,1,234.7,18,1,233.52,3,2,234.8,2000,2,233.5,23,2,234.95,2,1,254,198,187,XNAS,AAPL,350012,USD,PRE_OPEN,0,419432,1
187,2025-09-10,2025-09-10 08:00:39.649455,2025-09-10 04:00:39.649455,2025-09-10 08:00:39.649455475,-14400,234.07,22,1,234.21,7,1,234.0,2,2,234.22,4,1,233.9,15,1,234.3,50,1,233.8,50,1,234.35,22,2,233.76,100,1,234.4,8,1,233.6,2004,3,234.53,4,1,233.54,7,3,234.6,1100,2,233.53,5,1,234.7,18,1,233.52,3,2,234.8,2000,2,233.5,23,2,234.95,2,1,254,198,188,XNAS,AAPL,350012,USD,PRE_OPEN,0,419433,1
188,2025-09-10,2025-09-10 08:00:39.700526,2025-09-10 04:00:39.700526,2025-09-10 08:00:39.700526869,-14400,234.07,22,1,234.21,7,1,234.0,2,2,234.22,4,1,233.9,15,1,234.3,50,1,233.88,100,1,234.35,22,2,233.8,50,1,234.4,8,1,233.6,2004,3,234.53,4,1,233.54,7,3,234.6,1100,2,233.53,5,1,234.7,18,1,233.52,3,2,234.8,2000,2,233.5,23,2,234.95,2,1,254,198,189,XNAS,AAPL,350012,USD,PRE_OPEN,0,419516,1
189,2025-09-10,2025-09-10 08:00:41.390125,2025-09-10 04:00:41.390125,2025-09-10 08:00:41.390125853,-14400,234.07,22,1,234.21,7,1,234.0,2,2,234.22,4,1,233.9,15,1,234.3,50,1,233.88,100,1,234.35,22,2,233.8,1050,2,234.4,8,1,233.6,2004,3,234.53,4,1,233.54,7,3,234.6,1100,2,233.53,5,1,234.7,18,1,233.52,3,2,234.8,2000,2,233.5,23,2,234.95,2,1,255,199,190,XNAS,AAPL,350012,USD,PRE_OPEN,0,423025,1
190,2025-09-10,2025-09-10 08:00:41.569859,2025-09-10 04:00:41.569859,2025-09-10 08:00:41.569859559,-14400,234.0,2,2,234.21,7,1,233.9,15,1,234.22,4,1,233.88,100,1,234.3,50,1,233.8,1050,2,234.35,22,2,233.6,2004,3,234.4,8,1,233.54,7,3,234.53,4,1,233.53,5,1,234.6,1100,2,233.52,3,2,234.7,18,1,233.5,23,2,234.8,2000,2,233.46,1,1,234.95,2,1,254,199,191,XNAS,AAPL,350012,USD,PRE_OPEN,0,423263,1
191,2025-09-10,2025-09-10 08:00:41.569898,2025-09-10 04:00:41.569898,2025-09-10 08:00:41.569898442,-14400,234.11,22,1,234.21,7,1,234.0,2,2,234.22,4,1,233.9,15,1,234.3,50,1,233.88,100,1,234.35,22,2,233.8,1050,2,234.4,8,1,233.6,2004,3,234.53,4,1,233.54,7,3,234.6,1100,2,233.53,5,1,234.7,18,1,233.52,3,2,234.8,2000,2,233.5,23,2,234.95,2,1,255,199,192,XNAS,AAPL,350012,USD,PRE_OPEN,0,423264,1
192,2025-09-10,2025-09-10 08:00:41.978656,2025-09-10 04:00:41.978656,2025-09-10 08:00:41.978656391,-14400,234.11,22,1,234.21,7,1,234.0,2,2,234.22,4,1,233.9,15,1,234.3,50,1,233.88,100,1,234.35,22,2,233.8,1050,2,234.4,8,1,233.6,2004,3,234.48,100,1,233.54,7,3,234.53,4,1,233.53,5,1,234.6,1000,1,233.52,3,2,234.7,18,1,233.5,23,2,234.8,2000,2,255,200,193,XNAS,AAPL,350012,USD,PRE_OPEN,0,424357,1
193,2025-09-10,2025-09-10 08:00:42.514612,2025-09-10 04:00:42.514612,2025-09-10 08:00:42.514612181,-14400,234.11,22,1,234.21,4,1,234.0,2,2,234.22,4,1,233.9,15,1,234.3,50,1,233.88,100,1,234.35,22,2,233.8,1050,2,234.4,8,1,233.6,2004,3,234.48,100,1,233.54,7,3,234.53,4,1,233.53,5,1,234.6,1000,1,233.52,3,2,234.7,18,1,233.5,23,2,234.8,2000,2,255,201,194,XNAS,AAPL,350012,USD,PRE_OPEN,0,425252,1
194,2025-09-10,2025-09-10 08:00:42.514613,2025-09-10 04:00:42.514613,2025-09-10 08:00:42.514613656,-14400,234.11,22,1,234.22,4,1,234.0,2,2,234.3,50,1,233.9,15,1,234.35,22,2,233.88,100,1,234.4,8,1,233.8,1050,2,234.48,100,1,233.6,2004,3,234.53,4,1,233.54,7,3,234.6,1000,1,233.53,5,1,234.7,18,1,233.52,3,2,234.8,2000,2,233.5,23,2,234.95,2,1,255,200,195,XNAS,AAPL,350012,USD,PRE_OPEN,0,425253,1
195,2025-09-10,2025-09-10 08:00:42.514633,2025-09-10 04:00:42.514633,2025-09-10 08:00:42.514633075,-14400,234.11,22,1,234.3,50,1,234.0,2,2,234.35,22,2,233.9,15,1,234.4,8,1,233.88,100,1,234.48,100,1,233.8,1050,2,234.53,4,1,233.6,2004,3,234.6,1000,1,233.54,7,3,234.7,18,1,233.53,5,1,234.8,2000,2,233.52,3,2,234.95,2,1,233.5,23,2,234.99,371,2,255,199,196,XNAS,AAPL,350012,USD,PRE_OPEN,0,425254,1
196,2025-09-10,2025-09-10 08:00:48.335228,2025-09-10 04:00:48.335228,2025-09-10 08:00:48.335228762,-14400,234.11,22,1,234.3,50,1,234.0,2,2,234.35,22,2,233.9,15,1,234.4,8,1,233.8,1050,2,234.48,100,1,233.6,2004,3,234.53,4,1,233.54,7,3,234.6,1000,1,233.53,5,1,234.7,18,1,233.52,3,2,234.8,2000,2,233.5,23,2,234.95,2,1,233.46,1,1,234.99,371,2,256,202,197,XNAS,AAPL,350012,USD,PRE_OPEN,0,432126,1
197,2025-09-10,2025-09-10 08:00:48.335414,2025-09-10 04:00:48.335414,2025-09-10 08:00:48.335414599,-14400,234.11,22,1,234.3,50,1,234.08,17,1,234.35,22,2,234.0,2,2,234.4,8,1,233.9,15,1,234.48,100,1,233.8,1050,2,234.53,4,1,233.6,2004,3,234.6,1000,1,233.54,7,3,234.7,18,1,233.53,5,1,234.8,2000,2,233.52,3,2,234.95,2,1,233.5,23,2,234.99,371,2,257,202,198,XNAS,AAPL,350012,USD,PRE_OPEN,0,432132,1
198,2025-09-10,2025-09-10 08:00:48.335625,2025-09-10 04:00:48.335625,2025-09-10 08:00:48.335625224,-14400,234.11,22,1,234.3,50,1,234.08,17,1,234.35,22,2,234.0,2,2,234.4,8,1,233.9,15,1,234.48,100,1,233.8,1050,2,234.53,4,1,233.6,1004,2,234.6,1000,1,233.54,7,3,234.7,18,1,233.53,5,1,234.8,2000,2,233.52,3,2,234.95,2,1,233.5,23,2,234.99,371,2,257,202,199,XNAS,AAPL,350012,USD,PRE_OPEN,0,432136,1
199,2025-09-10,2025-09-10 08:00:48.357917,2025-09-10 04:00:48.357917,2025-09-10 08:00:48.357917137,-14400,234.11,22,1,234.3,50,1,234.08,17,1,234.35,22,2,234.0,2,2,234.4,8,1,233.9,15,1,234.48,100,1,233.8,1050,2,234.53,4,1,233.6,2004,3,234.6,1000,1,233.54,7,3,234.7,18,1,233.53,5,1,234.8,2000,2,233.52,3,2,234.95,2,1,233.5,23,2,234.99,371,2,257,202,200,XNAS,AAPL,350012,USD,PRE_OPEN,0,432178,1
200,2025-09-10,2025-09-10 08:00:48.437639,2025-09-10 04:00:48.437639,2025-09-10 08:00:48.437639402,-14400,234.11,22,1,234.3,50,1,234.08,17,1,234.35,22,2,234.0,2,2,234.4,8,1,233.9,15,1,234.48,100,1,233.8,1050,2,234.53,4,1,233.76,100,1,234.6,1000,1,233.6,2004,3,234.7,18,1,233.54,7,3,234.8,2000,2,233.53,5,1,234.95,2,1,233.52,3,2,234.99,371,2,257,202,201,XNAS,AAPL,350012,USD,PRE_OPEN,0,432365,1
201,2025-09-10,2025-09-10 08:00:53.884861,2025-09-10 04:00:53.884861,2025-09-10 08:00:53.884861149,-14400,234.11,22,1,234.19,80,1,234.08,17,1,234.3,50,1,234.0,2,2,234.35,22,2,233.9,15,1,234.4,8,1,233.8,1050,2,234.48,100,1,233.76,100,1,234.53,4,1,233.6,2004,3,234.6,1000,1,233.54,7,3,234.7,18,1,233.53,5,1,234.8,2000,2,233.52,3,2,234.95,2,1,257,203,202,XNAS,AAPL,350012,USD,PRE_OPEN,0,444344,1
202,2025-09-10,2025-09-10 08:00:53.895167,2025-09-10 04:00:53.895167,2025-09-10 08:00:53.895167175,-14400,234.11,22,1,234.19,80,1,234.08,17,1,234.3,50,1,234.0,2,2,234.35,22,2,233.9,15,1,234.4,8,1,233.8,1050,2,234.48,100,1,233.76,100,1,234.53,4,1,233.6,2004,3,234.6,2000,2,233.54,7,3,234.7,18,1,233.53,5,1,234.8,2000,2,233.52,3,2,234.95,2,1,257,203,203,XNAS,AAPL,350012,USD,PRE_OPEN,0,444361,1
203,2025-09-10,2025-09-10 08:00:54.135013,2025-09-10 04:00:54.135013,2025-09-10 08:00:54.135013742,-14400,234.11,22,1,234.19,80,1,234.08,17,1,234.3,50,1,234.0,2,2,234.35,22,2,233.9,15,1,234.4,8,1,233.88,100,1,234.48,100,1,233.8,1050,2,234.53,4,1,233.6,2004,3,234.6,2000,2,233.54,7,3,234.7,18,1,233.53,5,1,234.8,2000,2,233.52,3,2,234.95,2,1,257,203,204,XNAS,AAPL,350012,USD,PRE_OPEN,0,444582,1
204,2025-09-10,2025-09-10 08:00:55.410563,2025-09-10 04:00:55.410563,2025-09-10 08:00:55.410563482,-14400,234.11,22,1,234.19,77,1,234.08,17,1,234.3,50,1,234.0,2,2,234.35,22,2,233.9,15,1,234.4,8,1,233.88,100,1,234.48,100,1,233.8,1050,2,234.53,4,1,233.6,2004,3,234.6,2000,2,233.54,7,3,234.7,18,1,233.53,5,1,234.8,2000,2,233.52,3,2,234.95,2,1,257,203,205,XNAS,AAPL,350012,USD,PRE_OPEN,0,447706,1
205,2025-09-10,2025-09-10 08:00:55.410577,2025-09-10 04:00:55.410577,2025-09-10 08:00:55.410577989,-14400,234.11,22,1,234.19,53,1,234.08,17,1,234.3,50,1,234.0,2,2,234.35,22,2,233.9,15,1,234.4,8,1,233.88,100,1,234.48,100,1,233.8,1050,2,234.53,4,1,233.6,2004,3,234.6,2000,2,233.54,7,3,234.7,18,1,233.53,5,1,234.8,2000,2,233.52,3,2,234.95,2,1,257,203,206,XNAS,AAPL,350012,USD,PRE_OPEN,0,447709,1
206,2025-09-10,2025-09-10 08:00:55.410657,2025-09-10 04:00:55.410657,2025-09-10 08:00:55.410657240,-14400,234.11,22,1,234.19,24,1,234.08,17,1,234.3,50,1,234.0,2,2,234.35,22,2,233.9,15,1,234.4,8,1,233.88,100,1,234.48,100,1,233.8,1050,2,234.53,4,1,233.6,2004,3,234.6,2000,2,233.54,7,3,234.7,18,1,233.53,5,1,234.8,2000,2,233.52,3,2,234.95,2,1,257,203,207,XNAS,AAPL,350012,USD,PRE_OPEN,0,447719,1
207,2025-09-10,2025-09-10 08:00:55.411214,2025-09-10 04:00:55.411214,2025-09-10 08:00:55.411214982,-14400,234.11,22,1,234.19,24,1,234.08,17,1,234.3,50,1,234.0,2,2,234.35,22,2,233.9,15,1,234.4,8,1,233.88,100,1,234.48,100,1,233.8,1050,2,234.53,4,1,233.6,2004,3,234.6,1000,1,233.54,7,3,234.7,18,1,233.53,5,1,234.8,2000,2,233.52,3,2,234.95,2,1,257,203,208,XNAS,AAPL,350012,USD,PRE_OPEN,0,447746,1
208,2025-09-10,2025-09-10 08:00:55.421692,2025-09-10 04:00:55.421692,2025-09-10 08:00:55.421692674,-14400,234.11,22,1,234.19,24,1,234.08,17,1,234.3,50,1,234.0,2,2,234.35,22,2,233.9,15,1,234.4,8,1,233.88,100,1,234.48,100,1,233.8,1050,2,234.53,4,1,233.6,2004,3,234.6,2000,2,233.54,7,3,234.7,18,1,233.53,5,1,234.8,2000,2,233.52,3,2,234.95,2,1,257,203,209,XNAS,AAPL,350012,USD,PRE_OPEN,0,447788,1
209,2025-09-10,2025-09-10 08:00:56.555206,2025-09-10 04:00:56.555206,2025-09-10 08:00:56.555206289,-14400,234.11,22,1,234.19,24,1,234.08,17,1,234.3,50,1,234.0,2,2,234.35,42,3,233.9,15,1,234.4,8,1,233.88,100,1,234.48,100,1,233.8,1050,2,234.53,4,1,233.6,2004,3,234.6,2000,2,233.54,7,3,234.7,18,1,233.53,5,1,234.8,2000,2,233.52,3,2,234.95,2,1,257,203,210,XNAS,AAPL,350012,USD,PRE_OPEN,0,449306,1
210,2025-09-10,2025-09-10 08:00:59.598729,2025-09-10 04:00:59.598729,2025-09-10 08:00:59.598729736,-14400,234.11,22,1,234.19,24,1,234.08,17,1,234.3,50,1,234.0,2,2,234.35,42,3,233.9,15,1,234.4,8,1,233.88,100,1,234.48,100,1,233.8,1050,2,234.53,4,1,233.6,2004,3,234.6,1000,1,233.54,7,3,234.7,18,1,233.53,5,1,234.8,2000,2,233.52,3,2,234.95,2,1,257,203,211,XNAS,AAPL,350012,USD,PRE_OPEN,0,455441,1
211,2025-09-10,2025-09-10 08:01:01.592656,2025-09-10 04:01:01.592656,2025-09-10 08:01:01.592656502,-14400,234.11,22,1,234.19,24,1,234.08,17,1,234.3,50,1,234.0,2,2,234.35,42,3,233.9,15,1,234.4,8,1,233.88,100,1,234.48,100,1,233.8,1050,2,234.53,4,1,233.6,2004,3,234.6,2000,2,233.54,7,3,234.7,18,1,233.53,5,1,234.8,2000,2,233.52,3,2,234.95,2,1,258,203,212,XNAS,AAPL,350012,USD,PRE_OPEN,0,460862,1
212,2025-09-10,2025-09-10 08:01:03.934489,2025-09-10 04:01:03.934489,2025-09-10 08:01:03.934489861,-14400,234.11,22,1,234.19,30,2,234.08,17,1,234.3,50,1,234.0,2,2,234.35,42,3,233.9,15,1,234.4,8,1,233.88,100,1,234.48,100,1,233.8,1050,2,234.53,4,1,233.6,2004,3,234.6,2000,2,233.54,7,3,234.7,18,1,233.53,5,1,234.8,2000,2,233.52,3,2,234.95,2,1,258,203,213,XNAS,AAPL,350012,USD,PRE_OPEN,0,464975,1
213,2025-09-10,2025-09-10 08:01:04.875574,2025-09-10 04:01:04.875574,2025-09-10 08:01:04.875574976,-14400,234.11,22,1,234.19,30,2,234.08,17,1,234.3,50,1,234.0,2,2,234.35,42,3,233.9,15,1,234.4,8,1,233.88,100,1,234.48,100,1,233.8,1050,2,234.53,4,1,233.6,2004,3,234.6,1000,1,233.54,7,3,234.7,18,1,233.53,5,1,234.8,2000,2,233.52,3,2,234.95,2,1,257,203,214,XNAS,AAPL,350012,USD,PRE_OPEN,0,466652,1
214,2025-09-10,2025-09-10 08:01:04.898603,2025-09-10 04:01:04.898603,2025-09-10 08:01:04.898603797,-14400,234.11,22,1,234.19,30,2,234.08,17,1,234.3,50,1,234.0,2,2,234.35,42,3,233.9,15,1,234.4,8,1,233.88,100,1,234.48,100,1,233.8,1050,2,234.53,4,1,233.6,2004,3,234.6,2000,2,233.54,7,3,234.7,18,1,233.53,5,1,234.8,2000,2,233.52,3,2,234.95,2,1,257,203,215,XNAS,AAPL,350012,USD,PRE_OPEN,0,466692,1
215,2025-09-10,2025-09-10 08:01:04.898627,2025-09-10 04:01:04.898627,2025-09-10 08:01:04.898627927,-14400,234.11,22,1,234.19,30,2,234.08,17,1,234.3,50,1,234.0,2,2,234.35,42,3,233.9,15,1,234.4,8,1,233.88,100,1,234.48,100,1,233.8,1050,2,234.53,4,1,233.6,2004,3,234.6,2000,2,233.54,7,3,234.7,18,1,233.53,5,1,234.8,1000,1,233.52,3,2,234.95,2,1,257,203,216,XNAS,AAPL,350012,USD,PRE_OPEN,0,466693,1
216,2025-09-10,2025-09-10 08:01:06.071800,2025-09-10 04:01:06.071800,2025-09-10 08:01:06.071800821,-14400,234.11,22,1,234.19,30,2,234.08,17,1,234.3,50,1,234.0,2,2,234.35,42,3,233.9,15,1,234.4,1008,2,233.88,100,1,234.48,100,1,233.8,1050,2,234.53,4,1,233.6,2004,3,234.6,2000,2,233.54,7,3,234.7,18,1,233.53,5,1,234.8,1000,1,233.52,3,2,234.95,2,1,257,203,217,XNAS,AAPL,350012,USD,PRE_OPEN,0,469146,1
217,2025-09-10,2025-09-10 08:01:06.071825,2025-09-10 04:01:06.071825,2025-09-10 08:01:06.071825875,-14400,234.11,22,1,234.19,30,2,234.08,17,1,234.3,50,1,234.0,2,2,234.35,42,3,233.9,15,1,234.4,1008,2,233.88,100,1,234.48,100,1,233.8,1050,2,234.53,4,1,233.6,2004,3,234.6,1000,1,233.54,7,3,234.7,18,1,233.53,5,1,234.8,1000,1,233.52,3,2,234.95,2,1,257,203,218,XNAS,AAPL,350012,USD,PRE_OPEN,0,469148,1
218,2025-09-10,2025-09-10 08:01:07.612998,2025-09-10 04:01:07.612998,2025-09-10 08:01:07.612998879,-14400,234.11,22,1,234.19,30,2,234.08,17,1,234.3,50,1,234.0,2,2,234.35,42,3,233.9,15,1,234.4,1008,2,233.88,100,1,234.48,100,1,233.8,1050,2,234.53,4,1,233.6,2004,3,234.6,1000,1,233.54,7,3,234.7,18,1,233.53,5,1,234.8,2000,2,233.52,3,2,234.95,2,1,257,203,219,XNAS,AAPL,350012,USD,PRE_OPEN,0,473034,1
219,2025-09-10,2025-09-10 08:01:10.001542,2025-09-10 04:01:10.001542,2025-09-10 08:01:10.001542045,-14400,234.11,22,1,234.19,30,2,234.08,17,1,234.3,50,1,234.0,2,2,234.35,42,3,233.9,15,1,234.4,1008,2,233.88,100,1,234.48,100,1,233.8,1050,2,234.53,4,1,233.6,2004,3,234.6,1000,1,233.57,2,1,234.7,18,1,233.54,7,3,234.8,2000,2,233.53,5,1,234.95,2,1,261,207,220,XNAS,AAPL,350012,USD,PRE_OPEN,0,476802,1
220,2025-09-10,2025-09-10 08:01:10.221295,2025-09-10 04:01:10.221295,2025-09-10 08:01:10.221295447,-14400,234.11,22,1,234.19,30,2,234.08,17,1,234.3,50,1,234.0,52,3,234.35,42,3,233.9,15,1,234.4,1008,2,233.88,100,1,234.48,100,1,233.8,1050,2,234.53,4,1,233.6,2004,3,234.6,1000,1,233.57,2,1,234.7,18,1,233.54,7,3,234.8,2000,2,233.53,5,1,234.95,2,1,262,211,221,XNAS,AAPL,350012,USD,PRE_OPEN,0,477081,1
221,2025-09-10,2025-09-10 08:01:10.269870,2025-09-10 04:01:10.269870,2025-09-10 08:01:10.269870191,-14400,234.11,22,1,234.19,30,2,234.08,17,1,234.3,50,1,234.0,52,3,234.35,42,3,233.9,15,1,234.4,1008,2,233.88,100,1,234.48,100,1,233.8,1050,2,234.53,4,1,233.6,2004,3,234.6,1000,1,233.57,2,1,234.7,18,1,233.54,7,3,234.8,2040,3,233.53,5,1,234.95,2,1,262,211,222,XNAS,AAPL,350012,USD,PRE_OPEN,0,477176,1
222,2025-09-10,2025-09-10 08:01:10.402131,2025-09-10 04:01:10.402131,2025-09-10 08:01:10.402131613,-14400,234.11,22,1,234.19,30,2,234.08,17,1,234.3,50,1,234.0,52,3,234.35,42,3,233.9,15,1,234.4,1008,2,233.88,100,1,234.53,4,1,233.8,1050,2,234.6,1000,1,233.6,2004,3,234.7,18,1,233.57,2,1,234.8,2040,3,233.54,7,3,234.95,2,1,233.53,5,1,234.99,371,2,262,210,223,XNAS,AAPL,350012,USD,PRE_OPEN,0,477406,1
223,2025-09-10,2025-09-10 08:01:10.402400,2025-09-10 04:01:10.402400,2025-09-10 08:01:10.402400477,-14400,234.11,22,1,234.19,30,2,234.08,17,1,234.3,50,1,234.0,52,3,234.35,42,3,233.9,15,1,234.4,1008,2,233.88,100,1,234.53,4,1,233.8,1050,2,234.6,1000,1,233.6,2004,3,234.7,18,1,233.57,2,1,234.8,1040,2,233.54,7,3,234.95,2,1,233.53,5,1,234.99,371,2,262,210,224,XNAS,AAPL,350012,USD,PRE_OPEN,0,477413,1
224,2025-09-10,2025-09-10 08:01:10.402496,2025-09-10 04:01:10.402496,2025-09-10 08:01:10.402496457,-14400,234.11,22,1,234.19,30,2,234.08,17,1,234.3,50,1,234.0,52,3,234.35,42,3,233.9,15,1,234.4,8,1,233.88,100,1,234.53,4,1,233.8,1050,2,234.6,1000,1,233.6,2004,3,234.7,18,1,233.57,2,1,234.8,1040,2,233.54,7,3,234.95,2,1,233.53,5,1,234.99,371,2,262,210,225,XNAS,AAPL,350012,USD,PRE_OPEN,0,477414,1
225,2025-09-10,2025-09-10 08:01:10.414689,2025-09-10 04:01:10.414689,2025-09-10 08:01:10.414689542,-14400,234.11,22,1,234.19,30,2,234.08,17,1,234.3,50,1,234.0,52,3,234.35,42,3,233.9,15,1,234.4,8,1,233.88,100,1,234.53,4,1,233.8,2050,3,234.6,1000,1,233.6,2004,3,234.7,18,1,233.57,2,1,234.8,1040,2,233.54,7,3,234.95,2,1,233.53,5,1,234.99,371,2,262,210,226,XNAS,AAPL,350012,USD,PRE_OPEN,0,477466,1
226,2025-09-10,2025-09-10 08:01:10.415110,2025-09-10 04:01:10.415110,2025-09-10 08:01:10.415110669,-14400,234.11,22,1,234.19,30,2,234.08,17,1,234.3,50,1,234.0,52,3,234.35,42,3,233.9,15,1,234.4,8,1,233.88,100,1,234.53,4,1,233.8,2050,3,234.6,2000,2,233.6,2004,3,234.7,18,1,233.57,2,1,234.8,1040,2,233.54,7,3,234.95,2,1,233.53,5,1,234.99,371,2,262,210,227,XNAS,AAPL,350012,USD,PRE_OPEN,0,477472,1
227,2025-09-10,2025-09-10 08:01:10.443406,2025-09-10 04:01:10.443406,2025-09-10 08:01:10.443406264,-14400,234.11,22,1,234.19,30,2,234.08,17,1,234.3,50,1,234.0,52,3,234.35,42,3,233.9,15,1,234.4,8,1,233.88,100,1,234.53,4,1,233.8,2050,3,234.6,2000,2,233.6,2004,3,234.69,1,1,233.57,2,1,234.7,18,1,233.54,7,3,234.8,1040,2,233.53,5,1,234.95,2,1,262,211,228,XNAS,AAPL,350012,USD,PRE_OPEN,0,477513,1
228,2025-09-10,2025-09-10 08:01:10.489583,2025-09-10 04:01:10.489583,2025-09-10 08:01:10.489583720,-14400,234.11,22,1,234.19,30,2,234.08,17,1,234.3,50,1,234.0,52,3,234.35,42,3,233.9,15,1,234.4,8,1,233.88,100,1,234.53,4,1,233.8,2050,3,234.6,2000,2,233.6,2004,3,234.69,1,1,233.57,2,1,234.7,18,1,233.54,7,3,234.75,1,1,233.53,5,1,234.8,1040,2,262,213,229,XNAS,AAPL,350012,USD,PRE_OPEN,0,477606,1
229,2025-09-10,2025-09-10 08:01:10.511109,2025-09-10 04:01:10.511109,2025-09-10 08:01:10.511109631,-14400,234.11,22,1,234.19,30,2,234.08,17,1,234.3,50,1,234.0,52,3,234.35,42,3,233.9,15,1,234.4,8,1,233.88,100,1,234.48,100,1,233.8,2050,3,234.53,4,1,233.6,2004,3,234.6,2000,2,233.57,2,1,234.69,1,1,233.54,7,3,234.7,18,1,233.53,5,1,234.75,1,1,262,214,230,XNAS,AAPL,350012,USD,PRE_OPEN,0,477632,1
230,2025-09-10,2025-09-10 08:01:10.622464,2025-09-10 04:01:10.622464,2025-09-10 08:01:10.622464889,-14400,234.11,22,1,234.19,30,2,234.08,17,1,234.3,50,1,234.0,52,3,234.35,42,3,233.9,15,1,234.4,8,1,233.88,100,1,234.48,100,1,233.8,2050,3,234.53,4,1,233.6,2004,3,234.6,2000,2,233.57,2,1,234.69,1,1,233.55,112,1,234.7,18,1,233.54,7,3,234.75,1,1,263,214,231,XNAS,AAPL,350012,USD,PRE_OPEN,0,477999,1
231,2025-09-10,2025-09-10 08:01:10.693087,2025-09-10 04:01:10.693087,2025-09-10 08:01:10.693087840,-14400,234.11,22,1,234.19,30,2,234.08,17,1,234.3,50,1,234.0,52,3,234.35,42,3,233.9,15,1,234.4,8,1,233.88,100,1,234.48,100,1,233.8,2050,3,234.53,4,1,233.6,2004,3,234.6,2000,2,233.57,2,1,234.65,1,1,233.55,112,1,234.69,1,1,233.54,7,3,234.7,18,1,263,215,232,XNAS,AAPL,350012,USD,PRE_OPEN,0,478145,1
232,2025-09-10,2025-09-10 08:01:11.104244,2025-09-10 04:01:11.104244,2025-09-10 08:01:11.104244137,-14400,234.11,22,1,234.19,10,2,234.08,17,1,234.3,50,1,234.0,52,3,234.35,42,3,233.9,15,1,234.4,8,1,233.88,100,1,234.48,100,1,233.8,2050,3,234.53,4,1,233.6,2004,3,234.6,2000,2,233.57,2,1,234.65,1,1,233.55,112,1,234.69,1,1,233.54,7,3,234.7,18,1,264,223,233,XNAS,AAPL,350012,USD,PRE_OPEN,0,478881,1
233,2025-09-10,2025-09-10 08:01:11.104255,2025-09-10 04:01:11.104255,2025-09-10 08:01:11.104255719,-14400,234.11,22,1,234.19,6,1,234.08,17,1,234.3,50,1,234.0,52,3,234.35,42,3,233.9,15,1,234.4,8,1,233.88,100,1,234.48,100,1,233.8,2050,3,234.53,4,1,233.6,2004,3,234.6,2000,2,233.57,2,1,234.65,1,1,233.55,112,1,234.69,1,1,233.54,7,3,234.7,18,1,264,223,234,XNAS,AAPL,350012,USD,PRE_OPEN,0,478886,1
234,2025-09-10,2025-09-10 08:01:11.104255,2025-09-10 04:01:11.104255,2025-09-10 08:01:11.104255719,-14400,234.11,22,1,234.3,50,1,234.08,17,1,234.35,42,3,234.0,52,3,234.4,8,1,233.9,15,1,234.48,100,1,233.88,100,1,234.53,4,1,233.8,2050,3,234.6,2000,2,233.6,2004,3,234.65,1,1,233.57,2,1,234.69,1,1,233.55,112,1,234.7,18,1,233.54,7,3,234.75,1,1,264,222,235,XNAS,AAPL,350012,USD,PRE_OPEN,0,478887,1
235,2025-09-10,2025-09-10 08:01:11.104304,2025-09-10 04:01:11.104304,2025-09-10 08:01:11.104304527,-14400,234.11,22,1,234.3,50,1,234.08,17,1,234.35,42,3,234.0,52,3,234.4,8,1,233.9,15,1,234.53,4,1,233.88,100,1,234.6,2000,2,233.8,2050,3,234.65,1,1,233.6,2004,3,234.69,1,1,233.57,2,1,234.7,18,1,233.55,112,1,234.75,1,1,233.54,7,3,234.8,2040,3,264,221,236,XNAS,AAPL,350012,USD,PRE_OPEN,0,478895,1
236,2025-09-10,2025-09-10 08:01:11.104420,2025-09-10 04:01:11.104420,2025-09-10 08:01:11.104420228,-14400,234.22,17,1,234.3,50,1,234.11,22,1,234.35,42,3,234.08,17,1,234.4,8,1,234.0,52,3,234.53,4,1,233.9,15,1,234.6,2000,2,233.88,100,1,234.65,1,1,233.8,2050,3,234.69,1,1,233.6,2004,3,234.7,18,1,233.57,2,1,234.75,1,1,233.55,112,1,234.8,2040,3,265,221,237,XNAS,AAPL,350012,USD,PRE_OPEN,0,478897,1
237,2025-09-10,2025-09-10 08:01:11.104432,2025-09-10 04:01:11.104432,2025-09-10 08:01:11.104432835,-14400,234.22,17,1,234.3,50,1,234.11,22,1,234.35,42,3,234.0,52,3,234.4,8,1,233.9,15,1,234.53,4,1,233.88,100,1,234.6,2000,2,233.8,2050,3,234.65,1,1,233.6,2004,3,234.69,1,1,233.57,2,1,234.7,18,1,233.55,112,1,234.75,1,1,233.54,7,3,234.8,2040,3,264,221,238,XNAS,AAPL,350012,USD,PRE_OPEN,0,478900,1
238,2025-09-10,2025-09-10 08:01:11.104462,2025-09-10 04:01:11.104462,2025-09-10 08:01:11.104462847,-14400,234.22,17,1,234.3,50,1,234.11,22,1,234.35,42,3,234.0,52,3,234.4,8,1,233.9,15,1,234.53,4,1,233.88,100,1,234.6,1000,1,233.8,2050,3,234.65,1,1,233.6,2004,3,234.69,1,1,233.57,2,1,234.7,18,1,233.55,112,1,234.75,1,1,233.54,7,3,234.8,2040,3,264,221,239,XNAS,AAPL,350012,USD,PRE_OPEN,0,478902,1
239,2025-09-10,2025-09-10 08:01:11.104648,2025-09-10 04:01:11.104648,2025-09-10 08:01:11.104648258,-14400,234.22,17,1,234.3,50,1,234.11,22,1,234.35,42,3,234.0,52,3,234.4,8,1,233.9,15,1,234.53,4,1,233.88,100,1,234.6,1000,1,233.8,2050,3,234.65,1,1,233.6,2004,3,234.69,1,1,233.57,2,1,234.7,18,1,233.55,112,1,234.75,1,1,233.54,7,3,234.8,1040,2,264,221,240,XNAS,AAPL,350012,USD,PRE_OPEN,0,478904,1
240,2025-09-10,2025-09-10 08:01:11.106606,2025-09-10 04:01:11.106606,2025-09-10 08:01:11.106606015,-14400,234.22,17,1,234.3,50,1,234.11,22,1,234.35,42,3,234.0,52,3,234.4,8,1,233.9,15,1,234.53,4,1,233.8,2050,3,234.6,1000,1,233.6,2004,3,234.65,1,1,233.57,2,1,234.69,1,1,233.55,112,1,234.7,18,1,233.54,7,3,234.75,1,1,233.53,5,1,234.8,1040,2,263,221,241,XNAS,AAPL,350012,USD,PRE_OPEN,0,478931,1
241,2025-09-10,2025-09-10 08:01:11.165324,2025-09-10 04:01:11.165324,2025-09-10 08:01:11.165324941,-14400,234.22,17,1,234.3,50,1,234.11,22,1,234.35,42,3,234.0,52,3,234.4,8,1,233.9,15,1,234.53,4,1,233.8,2050,3,234.6,1000,1,233.6,2004,3,234.65,1,1,233.57,2,1,234.69,1,1,233.55,112,1,234.7,18,1,233.54,7,3,234.75,1,1,233.53,5,1,234.8,2040,3,263,222,242,XNAS,AAPL,350012,USD,PRE_OPEN,0,479049,1
242,2025-09-10,2025-09-10 08:01:11.208528,2025-09-10 04:01:11.208528,2025-09-10 08:01:11.208528839,-14400,234.22,17,1,234.3,50,1,234.11,22,1,234.35,42,3,234.0,52,3,234.4,8,1,233.9,15,1,234.48,100,1,233.8,2050,3,234.53,4,1,233.6,2004,3,234.6,1000,1,233.57,2,1,234.65,1,1,233.55,112,1,234.69,1,1,233.54,7,3,234.7,18,1,233.53,5,1,234.75,1,1,263,223,243,XNAS,AAPL,350012,USD,PRE_OPEN,0,479098,1
243,2025-09-10,2025-09-10 08:01:11.217607,2025-09-10 04:01:11.217607,2025-09-10 08:01:11.217607496,-14400,234.22,17,1,234.3,50,1,234.11,22,1,234.35,42,3,234.0,52,3,234.4,8,1,233.9,15,1,234.48,100,1,233.88,100,1,234.53,4,1,233.8,2050,3,234.6,1000,1,233.6,2004,3,234.65,1,1,233.57,2,1,234.69,1,1,233.55,112,1,234.7,18,1,233.54,7,3,234.75,1,1,264,223,244,XNAS,AAPL,350012,USD,PRE_OPEN,0,479110,1
244,2025-09-10,2025-09-10 08:01:11.294393,2025-09-10 04:01:11.294393,2025-09-10 08:01:11.294393189,-14400,234.22,17,1,234.3,50,1,234.0,52,3,234.35,42,3,233.9,15,1,234.4,8,1,233.88,100,1,234.48,100,1,233.8,2050,3,234.53,4,1,233.6,2004,3,234.6,1000,1,233.57,2,1,234.65,1,1,233.55,112,1,234.69,1,1,233.54,7,3,234.7,18,1,233.53,5,1,234.75,1,1,264,224,245,XNAS,AAPL,350012,USD,PRE_OPEN,0,479275,1
245,2025-09-10,2025-09-10 08:01:11.294431,2025-09-10 04:01:11.294431,2025-09-10 08:01:11.294431179,-14400,234.22,39,2,234.3,50,1,234.0,52,3,234.35,42,3,233.9,15,1,234.4,8,1,233.88,100,1,234.48,100,1,233.8,2050,3,234.53,4,1,233.6,2004,3,234.6,1000,1,233.57,2,1,234.65,1,1,233.55,112,1,234.69,1,1,233.54,7,3,234.7,18,1,233.53,5,1,234.75,1,1,264,224,246,XNAS,AAPL,350012,USD,PRE_OPEN,0,479276,1
246,2025-09-10,2025-09-10 08:01:11.646676,2025-09-10 04:01:11.646676,2025-09-10 08:01:11.646676989,-14400,234.22,39,2,234.3,50,1,234.02,100,1,234.35,42,3,234.0,52,3,234.4,8,1,233.9,15,1,234.48,100,1,233.88,100,1,234.53,4,1,233.8,2050,3,234.6,1000,1,233.6,2004,3,234.65,1,1,233.57,2,1,234.69,1,1,233.55,112,1,234.7,18,1,233.54,7,3,234.75,1,1,266,227,247,XNAS,AAPL,350012,USD,PRE_OPEN,0,479896,1
247,2025-09-10,2025-09-10 08:01:11.736818,2025-09-10 04:01:11.736818,2025-09-10 08:01:11.736818167,-14400,234.22,39,2,234.3,50,1,234.02,100,1,234.35,42,3,234.0,152,4,234.4,8,1,233.9,15,1,234.48,100,1,233.8,2050,3,234.53,4,1,233.6,2004,3,234.6,1000,1,233.57,2,1,234.65,1,1,233.55,112,1,234.69,1,1,233.54,7,3,234.7,18,1,233.53,5,1,234.75,1,1,265,229,248,XNAS,AAPL,350012,USD,PRE_OPEN,0,480032,1
248,2025-09-10,2025-09-10 08:01:11.939412,2025-09-10 04:01:11.939412,2025-09-10 08:01:11.939412663,-14400,234.22,39,2,234.3,50,1,234.02,100,1,234.35,42,3,234.0,152,4,234.4,8,1,233.9,15,1,234.48,100,1,233.8,2050,3,234.53,4,1,233.7,100,1,234.6,1000,1,233.6,2004,3,234.65,1,1,233.57,2,1,234.69,1,1,233.55,112,1,234.7,18,1,233.54,7,3,234.75,1,1,268,229,249,XNAS,AAPL,350012,USD,PRE_OPEN,0,480526,1
249,2025-09-10,2025-09-10 08:01:12.032683,2025-09-10 04:01:12.032683,2025-09-10 08:01:12.032683163,-14400,234.22,64,3,234.3,50,1,234.02,100,1,234.35,42,3,234.0,152,4,234.4,8,1,233.9,15,1,234.48,100,1,233.8,2050,3,234.53,4,1,233.7,100,1,234.6,1000,1,233.6,2004,3,234.65,1,1,233.57,2,1,234.69,1,1,233.55,112,1,234.7,18,1,233.54,7,3,234.75,1,1,268,229,250,XNAS,AAPL,350012,USD,PRE_OPEN,0,480617,1
250,2025-09-10,2025-09-10 08:01:12.137756,2025-09-10 04:01:12.137756,2025-09-10 08:01:12.137756768,-14400,234.22,64,3,234.3,50,1,234.02,198,2,234.35,42,3,234.0,152,4,234.4,8,1,233.9,15,1,234.48,100,1,233.8,2050,3,234.53,4,1,233.7,100,1,234.6,1000,1,233.6,2004,3,234.65,1,1,233.57,2,1,234.69,1,1,233.55,112,1,234.7,18,1,233.54,7,3,234.75,1,1,268,229,251,XNAS,AAPL,350012,USD,PRE_OPEN,0,480934,1
251,2025-09-10,2025-09-10 08:01:12.142157,2025-09-10 04:01:12.142157,2025-09-10 08:01:12.142157921,-14400,234.22,64,3,234.3,50,1,234.02,198,2,234.35,42,3,234.0,157,5,234.4,8,1,233.9,15,1,234.48,100,1,233.8,2050,3,234.53,4,1,233.7,100,1,234.6,1000,1,233.6,2004,3,234.65,1,1,233.57,2,1,234.69,1,1,233.55,112,1,234.7,18,1,233.54,7,3,234.75,1,1,268,229,252,XNAS,AAPL,350012,USD,PRE_OPEN,0,480937,1
252,2025-09-10,2025-09-10 08:01:12.192014,2025-09-10 04:01:12.192014,2025-09-10 08:01:12.192014588,-14400,234.22,64,3,234.3,50,1,234.02,198,2,234.35,42,3,234.0,207,6,234.4,8,1,233.9,15,1,234.48,100,1,233.8,2050,3,234.53,4,1,233.7,100,1,234.6,1000,1,233.6,2004,3,234.65,1,1,233.57,2,1,234.69,1,1,233.55,112,1,234.7,18,1,233.54,7,3,234.75,1,1,268,229,253,XNAS,AAPL,350012,USD,PRE_OPEN,0,481025,1
253,2025-09-10,2025-09-10 08:01:12.345704,2025-09-10 04:01:12.345704,2025-09-10 08:01:12.345704078,-14400,234.22,64,3,234.3,50,1,234.02,198,2,234.35,42,3,234.0,207,6,234.4,8,1,233.91,10,1,234.48,100,1,233.9,15,1,234.53,4,1,233.8,2050,3,234.6,1000,1,233.7,100,1,234.65,1,1,233.6,2004,3,234.69,1,1,233.57,2,1,234.7,18,1,233.55,112,1,234.75,1,1,269,229,254,XNAS,AAPL,350012,USD,PRE_OPEN,0,481193,1
254,2025-09-10,2025-09-10 08:01:12.367111,2025-09-10 04:01:12.367111,2025-09-10 08:01:12.367111612,-14400,234.22,64,3,234.3,50,1,234.02,198,2,234.35,42,3,234.0,207,6,234.4,8,1,233.91,10,1,234.48,100,1,233.9,15,1,234.53,4,1,233.8,2050,3,234.6,1000,1,233.7,100,1,234.65,1,1,233.6,2004,3,234.69,1,1,233.57,2,1,234.7,18,1,233.55,112,1,234.73,50,1,269,231,255,XNAS,AAPL,350012,USD,PRE_OPEN,0,481215,1
255,2025-09-10,2025-09-10 08:01:12.371273,2025-09-10 04:01:12.371273,2025-09-10 08:01:12.371273046,-14400,234.22,64,3,234.3,50,1,234.02,198,2,234.35,42,3,234.0,207,6,234.4,8,1,233.91,10,1,234.48,100,1,233.9,15,1,234.53,4,1,233.85,1,1,234.6,1000,1,233.8,2050,3,234.65,1,1,233.7,100,1,234.69,1,1,233.6,2004,3,234.7,18,1,233.57,2,1,234.73,50,1,270,231,256,XNAS,AAPL,350012,USD,PRE_OPEN,0,481227,1
256,2025-09-10,2025-09-10 08:01:12.380875,2025-09-10 04:01:12.380875,2025-09-10 08:01:12.380875794,-14400,234.22,64,3,234.3,50,1,234.02,198,2,234.35,42,3,234.0,207,6,234.4,8,1,233.91,10,1,234.48,100,1,233.9,15,1,234.53,4,1,233.85,1,1,234.6,1000,1,233.8,2050,3,234.65,21,2,233.7,100,1,234.69,1,1,233.6,2004,3,234.7,18,1,233.57,2,1,234.73,50,1,270,231,257,XNAS,AAPL,350012,USD,PRE_OPEN,0,481249,1
257,2025-09-10,2025-09-10 08:01:12.429691,2025-09-10 04:01:12.429691,2025-09-10 08:01:12.429691981,-14400,234.22,64,3,234.3,50,1,234.02,198,2,234.35,42,3,234.0,207,6,234.4,8,1,233.91,10,1,234.48,100,1,233.9,15,1,234.53,4,1,233.85,1,1,234.55,512,1,233.8,2050,3,234.6,1000,1,233.7,100,1,234.65,21,2,233.6,2004,3,234.69,1,1,233.57,2,1,234.7,18,1,270,232,258,XNAS,AAPL,350012,USD,PRE_OPEN,0,481339,1
258,2025-09-10,2025-09-10 08:01:12.523322,2025-09-10 04:01:12.523322,2025-09-10 08:01:12.523322408,-14400,234.22,64,3,234.3,50,1,234.02,198,2,234.35,42,3,234.0,207,6,234.4,8,1,233.91,10,1,234.48,100,1,233.9,15,1,234.53,4,1,233.85,1,1,234.55,512,1,233.8,2050,3,234.6,1000,1,233.7,100,1,234.65,21,2,233.65,1,1,234.69,1,1,233.6,2004,3,234.7,18,1,271,232,259,XNAS,AAPL,350012,USD,PRE_OPEN,0,481419,1
259,2025-09-10,2025-09-10 08:01:12.634318,2025-09-10 04:01:12.634318,2025-09-10 08:01:12.634318297,-14400,234.22,64,3,234.3,50,1,234.02,198,2,234.35,42,3,234.0,207,6,234.4,8,1,233.91,10,1,234.48,100,1,233.9,15,1,234.53,4,1,233.85,1,1,234.55,512,1,233.8,2090,4,234.6,1000,1,233.7,100,1,234.65,21,2,233.65,1,1,234.69,1,1,233.6,2004,3,234.7,18,1,271,232,260,XNAS,AAPL,350012,USD,PRE_OPEN,0,481561,1
260,2025-09-10,2025-09-10 08:01:12.683294,2025-09-10 04:01:12.683294,2025-09-10 08:01:12.683294669,-14400,234.22,64,3,234.3,50,1,234.02,198,2,234.35,42,3,234.0,207,6,234.4,8,1,233.91,10,1,234.48,100,1,233.9,15,1,234.53,4,1,233.85,1,1,234.55,512,1,233.8,2090,4,234.6,1000,1,233.7,100,1,234.61,1,1,233.65,1,1,234.65,21,2,233.6,2004,3,234.69,1,1,271,233,261,XNAS,AAPL,350012,USD,PRE_OPEN,0,481687,1
